2954 4776
721 316 905 378 ..12⁸-

349 451 624 547 memoratum
641 460 766 522 natura
778 471 849 522 non
861 471 1004 546 prorsus
1020 447 1196 538 abhorret,
1213 475 1320 548 quam

303 575 358 650 his
386 578 460 673 ipse
475 576 590 650 verbis
609 576 761 673 expingit
780 599 789 648 ε
812 575 967 648 «Adhuc
983 578 1154 648 neminem
1175 580 1322 676 cognovi

302 712 487 800 poetam...
509 702 569 797 qui
588 699 654 772 sibi
671 723 741 772 non
759 699 911 795 optimus
927 697 1103 771 videretur
1123 699 1218 798 (l).s
1241 701 1324 774 Pro-

302 837 403 923 perat
413 826 505 898 enim
514 825 614 898 lateri
633 847 697 896 ‹se
706 825 853 898 vertisse
862 823 972 896 multa
985 823 1029 897 de
1038 826 1177 910 Graeeis,
1193 849 1238 896 ne
1252 807 1324 922 quo

302 961 531 1036 ornamento,
557 951 594 1022 in
624 949 690 1022 hoo
727 971 852 1046 genere
888 947 1159 1046 disputationis,
1190 962 1326 1023 careret

302 1077 411 1150 latina
427 1075 549 1147 oratio.
568 1101 583 1142 r

352 1205 430 1274 Haeo
444 1200 488 1273 de
501 1200 694 1284 conversis3
711 1197 754 1270 de
767 1199 915 1294 propriis
927 1198 1202 1296 magnifioontins
1218 1200 1327 1271 etiam

281 1307 282 1310 ¹
303 1323 362 1396 ille
381 1323 511 1395 sentit:
537 1322 775 1394 ‹Placiturum
792 1344 868 1393 esse
885 1320 962 1404 tibi,
981 1323 1043 1406 ait,
1058 1321 1186 1394 librum
1204 1345 1328 1394 meum

304 1448 525 1546 suspicabar;
545 1459 618 1519 tam
633 1446 734 1520 valde
753 1447 923 1543 placuisse
939 1471 1044 1544 quam
1063 1448 1204 1535 scribis,
1224 1447 1329 1522 valde

303 1573 439 1672 gaudeo
462 1572 563 1669 (ἢν

354 1697 511 1770 Soaevola
528 1694 643 1767 verbis
659 1693 835 1766 hariolans
856 1692 905 1791 (3)
921 1719 930 1766 ε

489 1892 631 1957 Canescet
647 1895 731 1955 seclis
744 1892 1027 1966 innumerabilibus,

307 2076 604 2150 immortalitatem
632 2078 794 2151 Mariana
822 2079 964 2174 querani
990 2067 1209 2162 vaticinatur,
1242 2077 1331 2173 quin

307 2199 382 2299 ips'e
395 2225 520 2298 poema
539 2203 583 2271 Dr
597 2205 781 2294 temporibus
794 2205 857 2272 suls
868 2201 990 2273 eadem
1005 2223 1066 2296 spe
1083 2202 1329 2297 prosequitur:

312 2329 431 2398 «Sunt
454 2327 546 2398 enim
570 2335 675 2396 testes
696 2323 791 2421 (tres
809 2324 935 2422 libri),
953 2335 990 2396 et
1008 2335 1109 2396 erunt
1126 2326 1332 2421 sempiterni

309 2451 515 2523 meritorum
533 2471 614 2546 arga
634 2471 690 2520 me
707 2458 869 2532 tuorum,
891 2472 1043 2544 meaeque
1059 2449 1197 2545 pietatis
1220 2449 1288 2546 (lt).
1308 2479 1326 2518 ι
1455 2497 1456 2502 ,

308 2577 359 2646 De
378 2574 520 2645 caesaris
537 2571 680 2644 tandem
694 2569 910 2667 expeditione
928 2572 977 2642 sio
993 2570 1037 2643 ad
1055 2571 1196 2642 fratrem
1213 2572 1335 2655 Quin-

310 2709 386 2770 tum
400 2695 519 2768 scribit
534 2721 543 2767 :
561 2723 577 2764 ‹
592 2695 691 2779 Quod
705 2718 761 2767 me
774 2693 937 2778 hortaris,
950 2706 990 2767 ut
999 2694 1176 2768 absolvam
1193 2695 1333 2769 :habeo

311 2821 507 2896 absolutum
528 2845 654 2907 suave,
673 2823 760 2894 mihi
782 2822 924 2919 quidem
943 2823 994 2894 uti
1013 2821 1163 2908 videtur,
1184 2845 1267 2920 epos
1286 2823 1333 2896 ad

311 2947 481 3020 Caesarem
502 2944 568 3042 (5)
590 2971 605 3012 a

362 3069 526 3152 Quamvis
543 3069 681 3165 igitura
696 3092 733 3140 se
747 3069 920 3140 conversis
937 3070 1053 3141 Cicero
1067 3067 1229 3165 plaudat,
1249 3093 1333 3166 pro·

313 3186 389 3291 pria
411 3202 529 3263 tamen
557 3197 687 3290 majore
711 3190 826 3264 studio
852 3191 944 3264 fovet
969 3203 1003 3264 et
1025 3215 1150 3289 parens
1173 3192 1336 3288 ampleo-

313 3318 410 3390 titur.
455 3351 458 3358 λ

361 3426 550 3512 lndisareta
561 3437 734 3511 Ciceronis
747 3439 902 3510 earmina
911 3438 1096 3524 mirantes,
1109 3437 1207 3512 illum
1220 3440 1336 3534 poetis

352 3711 389 3781 (t)
409 3708 534 3780 Tenet,
550 3708 569 3766 1.
583 3711 616 3778 t,
631 3711 677 3768 22.

352 3806 389 3875 (Ξ)
408 3804 447 3860 ld
462 3803 600 3873 Quintum,
614 3803 634 3862 l.
649 3807 681 3874 2,
696 3807 724 3859 9.

353 3904 390 3973 (3)
409 3903 447 3958 De
461 3899 578 3973 beibur,
594 3905 625 3970 l,
643 3905 668 3958 l.

355 4001 391 4072 (t)
411 4001 501 4072 Epist.
517 3998 551 4055 ad
566 3997 667 4064 famil,
683 3997 701 4054 l.
719 4003 748 4068 t,
763 4001 790 4054 9.

355 4094 391 4166 (s)
409 4093 449 4152 aa
463 4090 602 4163 omnim,
619 4090 637 4148 ι.
654 4095 685 4161 a,
699 4093 726 4146 o.
