2966 4776
365 435 534 512 Faustaque
547 434 631 507 signo
644 451 706 495 sure
717 435 815 496 laud-is
825 436 999 515 reditusque
1012 437 1127 497 notavit
1140 457 1149 497 ι

364 543 502 605 Partibus
515 543 645 604 intonuit
658 543 726 605 coeli
739 548 826 624 pater
840 547 904 624 ipse
917 545 1060 619 sinistris3

365 647 414 711 Sic
427 649 535 728 aquila
549 650 665 714 clarum
682 653 813 716 firmarit
825 655 945 734 Jupiter
964 671 1065 714 omen.

336 879 376 947 ln
394 877 449 949 his
473 903 513 951 eo
535 886 665 978 majore
682 880 786 953 laude
805 883 922 954 Cicero
940 877 1202 978 prosequendus
1222 888 1302 963 est,

287 1025 355 1097 qno
368 1026 431 1074 sua
442 1007 571 1078 mutuis
584 1006 684 1102 plura
696 1007 885 1078 miscuerit.
905 1006 1213 1100 Remveroipsam,
1230 1027 1305 1075 non

288 1127 1152 1228 singulaquaequefidusinterpresattendit,'quippo
1162 1129 1306 1226 quinon

287 1252 332 1325 ad
343 1253 436 1326 idem
450 1259 665 1353 propositum
674 1259 815 1330 Homeri
824 1258 1115 1355 comparationem
1125 1253 1302 1328 deflectat.

278 1378 457 1450 Homerus
484 1378 636 1476 aquilam
656 1379 807 1466 inducit,
829 1382 944 1466 iliud,
971 1382 1047 1463 Xll,
1070 1403 1105 1450 v.
1125 1381 1212 1463 200,
1232 1401 1304 1474 quo

288 1509 414 1572 terreat
427 1511 561 1574 ostento
573 1505 737 1600 Trojanos
750 1503 787 1575 in
798 1526 916 1575 muros
930 1512 965 1573 et
977 1512 1094 1598 portas
1107 1495 1305 1573 Graecorum

287 1627 530 1724 irrumpentes.
544 1629 719 1725 Serpentis
735 1629 840 1726 igitur
852 1628 987 1701 ferocia
1002 1628 1107 1711 luvet,
1119 1636 1153 1698 et
1162 1625 1212 1697 illi
1221 1649 1307 1722 prae·
1360 1707 1365 1717 ⁴

290 1752 409 1822 sertim
417 1753 631 1850 expingendo
643 1753 800 1839 studens,
811 1755 999 1827 immanem
1014 1752 1175 1850 proponit
1186 1775 1308 1824 cruen-

289 1887 433 1974 tumque
459 1877 667 1966 draconem,
699 1905 807 1978 quum
828 1882 927 1954 virus
952 1879 1065 1953 adhuc
1091 1888 1126 1950 et
1150 1881 1304 1961 plicans,

288 2026 352 2078 nec
369 2003 510 2078 ultionis
527 2006 722 2092 immemor,
736 2007 846 2080 hostis
864 2017 986 2104 pectus
1002 2004 1089 2078 collo
1109 2003 1307 2099 proximum

288 2126 417 2201 reflexa
426 2132 556 2204 cervice
567 2134 702 2230 pungit.
711 2132 837 2228 Aquila
846 2156 941 2216 vero,
954 2128 1129 2203 doloribus
1140 2128 1305 2212 cruciata,

289 2251 440 2324 mediam
462 2254 499 2326 in
521 2254 660 2325 turbam
683 2253 782 2324 illum
802 2252 918 2350 abjicit
934 2264 987 2338 et,
1012 2250 1104 2324 edito
1122 2250 1305 2348 clangore,

289 2375 401 2445 ventis
417 2375 510 2446 ocior
527 2374 652 2445 evolat.

339 2498 455 2582 Quum
479 2508 596 2569 autom
613 2499 729 2570 Cicero
753 2497 914 2570 dextrum
938 2495 1047 2569 Mario
1073 2493 1225 2591 prebeat
1249 2517 1308 2565 au-

291 2622 444 2718 gurium,
465 2632 661 2719 serpentem
672 2624 805 2723 affligit,
819 2634 854 2694 et
868 2622 1025 2719 plurimis
1040 2632 1157 2694 tamen
1170 2618 1309 2692 vividis·-

291 2767 359 2842 que
376 2745 593 2820 lineamentis
616 2772 819 2847 expressum
843 2748 1026 2845 relinquit;
1058 2743 1119 2818 sed
1146 2753 1306 2816 ovantem

291 2872 444 2968 aquilam
465 2873 696 2970 amplectitur,
715 2901 821 2973 quam
839 2874 953 2973 dignis
970 2877 1119 2945 Homero
1138 2868 1309 2943 coloribus

292 2999 465 3070 exscribit.
486 3001 571 3083 Quis
594 3001 686 3071 enim
710 3001 783 3072 haec
800 3000 971 3074 Ciceronis
989 2998 1129 3094 propria
1147 3021 1218 3069 non
1236 2995 1310 3066 rni-

293 3130 388 3192 retur
409 3146 418 3193 :

372 3345 439 3407 Janr
457 3345 561 3406 satiata
576 3346 728 3418 animum,
744 3345 809 3424 jam
820 3343 911 3405 duros
927 3342 992 3404 ulta
1006 3341 1134 3404 dolores.

372 3577 471 3657 Seque
485 3580 569 3641 obitu
582 3601 600 3642 a
613 3580 681 3642 solis
692 3579 800 3641 nitidos
815 3580 962 3642 convertit
975 3578 1012 3640 ad
1024 3581 1135 3640 ortus‘t
1179 3667 1180 3677 ἵ

294 3803 366 3875 Hoc
385 3802 503 3876 volatu
521 3804 669 3900 superbo
694 3804 908 3902 triumphare
926 3795 1064 3877 uidetur
1088 3800 1216 3900 aquila.
1247 3799 1310 3871 Hic

293 3939 427 4003 motum
456 3923 666 4027 sensumque
695 3941 730 4002 et
759 3931 945 4028 imaginem
977 3927 1283 4003 animadvertimus
1298 3953 1321 4010 ,·

295 4078 371 4150 qua
387 4077 450 4128 neo
469 4056 561 4154 apud
585 4058 792 4143 Homerum,
811 4079 875 4129 neo
894 4055 987 4154 apud
1006 4054 1188 4154 Virgilium
1206 4045 1312 4149 repe-
