2954 4776
739 323 924 384 ..126-

323 457 495 530 Cioerunis
509 454 554 530 ad
569 457 704 554 poesim
719 458 834 530 minus
848 454 1009 530 idoneam
1023 456 1130 531 inisse
1145 478 1217 532 non
1227 462 1344 558 suspi-

321 579 508 654 ceremur?

371 703 472 790 Quod
489 704 534 776 ad
547 703 701 802 linguam
718 703 858 789 attinet,
877 697 978 776 nobis
997 702 1233 802 multomagis
1248 727 1346 800 pers·

320 827 462 925 picuum
487 837 559 913 est,
588 851 649 899 cur
673 827 710 898 in
737 826 884 923 propriis
910 825 1119 900 carminibus
1139 825 1206 898 sibi
1224 827 1344 898 Cicero

321 959 396 1022 tam
412 949 524 1045 impar
542 949 723 1021 exstiterit.
748 951 835 1021 Tum
852 949 945 1021 enim
961 941 1180 1048 ingeniorum
1198 950 1341 1047 inopia,

321 1095 470 1169 quorum
486 1071 640 1169 vestigiis
668 1071 825 1156 insistat,
851 1071 1022 1167 patriique
1048 1073 1218 1144 sermonis
1245 1073 1341 1157 situ,

320 1219 426 1292 quem
443 1218 513 1268 non
537 1194 621 1268 satis
644 1191 758 1266 adbuc
775 1192 890 1289 poesis
911 1192 1081 1279 excoluit,
1102 1193 1169 1266 sibi
1193 1195 1343 1267 nimium

28 1395 30 1404 ,
129 1321 131 1327 ’
214 1413 216 1418 Ι
318 1319 492 1394 confidere
509 1319 654 1417 cogitur.
676 1317 742 1390 Ubi
754 1341 836 1390 vero
849 1328 1029 1413 poetarum
1044 1319 1231 1392 latinorum
1248 1321 1345 1416 prin·

317 1448 388 1544 cipi
417 1471 454 1520 se
476 1444 648 1519 condendi
670 1468 791 1517 versus
808 1446 940 1517 ratione
960 1469 1030 1518 non
1050 1445 1220 1541 imperem
1239 1456 1276 1518 et
1303 1469 1343 1519 ee

319 1570 533 1667 superiorem
560 1569 664 1640 etiam
697 1568 826 1653 sensit,
856 1567 921 1640 sibi
951 1569 1093 1665 pronius
1123 1567 1284 1666 indulget
1309 1581 1344 1641 et

319 1705 530 1778 assentatur,
550 1699 614 1764 nec
637 1691 785 1764 stimulis
805 1715 969 1764 accensus
991 1692 1155 1765 aemulum
1176 1715 1344 1789 superare

318 1815 510 1890 contendit.
532 1817 702 1886 Praestens
719 1814 817 1886 enim
828 1814 1004 1912 exemplar
1022 1814 1072 1886 ilb
1088 1815 1185 1888 lreno
1202 1816 1341 1904 finisset,

319 1965 388 2039 quo
414 1940 618 2024 destitutus,
639 1941 749 2012 effuso
768 1964 871 2012 cursu
899 1939 1037 2025 scribit,
1065 1951 1100 2012 et
1123 1951 1263 2014 noctem
1277 1943 1343 2014 in·-
1450 1945 1451 1980 ³

319 2089 477 2140 somnem
488 2064 687 2163 quingentis
705 2088 797 2162 saepe
805 2063 964 2138 versibus
979 2064 1153 2163 lingendis
1161 2064 1339 2162 deperdit.

369 2194 485 2288 Longe
496 2189 596 2262 eliter
605 2212 644 2261 ee
654 2186 836 2274 reshabet,
852 2187 912 2260 ubi
920 2189 1086 2284 primum,
1101 2211 1181 2261 eum
1190 2191 1343 2262 Homero

320 2338 391 2388 non
412 2314 519 2388 semel
541 2324 575 2386 et
592 2311 754 2411 AEsohylo
772 2325 806 2386 et
823 2313 991 2410 Sophocle
1012 2325 1047 2386 et
1068 2314 1255 2412 Euripide,
1283 2329 1344 2392 aut

319 2441 426 2512 etiem
443 2439 550 2512 Arati)
570 2461 789 2535 congressus,
804 2437 929 2512 ducem
938 2450 976 2511 et
989 2435 1153 2512 aemulum
1163 2443 1344 2538 consequi-

319 2563 391 2651 tur,
407 2572 506 2662 cujus
516 2565 553 2635 in
569 2563 770 2636 excellentie
780 2564 913 2637 defixus
926 2576 1054 2662 stupet,
1067 2567 1112 2639 ad
1123 2591 1228 2664 quem
1241 2593 1342 2656 vero,

319 2690 388 2762 nisi
405 2689 550 2760 summis
565 2687 696 2761 viribus
717 2685 931 2775 colluctans,
951 2687 1009 2762 vir
1029 2685 1195 2763 accedere·
1209 2703 1341 2788 potest.

317 2816 389 2888 Nec
401 2809 552 2887 Ennium
565 2807 728 2910 superare
736 2814 890 2887 Ciceroni
897 2820 971 2912 jam
985 2815 1069 2887 satis
1081 2825 1148 2901 est,
1160 2839 1276 2914 neque
1291 2817 1346 2892 illi

133 2981 137 2992 ·
180 2957 181 2962 ’
318 2937 527 3035 profundere
543 2961 666 3011 versus
679 2949 714 3010 et
729 2937 838 3010 fluere
857 2937 1028 3012 lutulento
1046 2933 1259 3014 conceditur.
1279 2944 1345 3017 llic

320 3072 440 3133 auctor
462 3061 579 3146 adest,
601 3055 1029 3158 qui-tuum'interpretem
1049 3055 1231 3138 sublimius
1251 3068 1346 3140 elie-

317 3195 392 3271 rat,
412 3183 550 3256 assidue
574 3194 735 3270 moneat,
757 3183 1186 3276 luxuriantemcocrcea't,
1214 3201 1248 3263 ct
1274 3191 1344 3265 sibi

317 3309 520 3384 similiorem
538 3302 712 3382 informet.
738 3312 857 3407 ltaque
875 3308 931 3384 vir
950 3310 1117 3385 credibile
1134 3325 1186 3387 est
1208 3327 1343 3411 quanto

320 3437 470 3534 propriis
497 3459 519 3506 c
547 3421 712 3508 Cicerone
737 3458 903 3508 conversa
927 3436 1139 3533 praecellant.
1171 3438 1272 3522 Quod
1302 3452 1344 3512 ut

320 3545 536 3633 madifestius
567 3545 837 3655 proponeretur,
870 3583 1090 3657 summopere
1124 3560 1339 3636 studuimus.

320 3683 547 3778 lnterpretem
560 3685 756 3756 Graecorum
773 3684 964 3780 presertim
979 3685 1178 3758 Ciceronem
1192 3685 1342 3798 amplec-

320 3807 440 3893 timur,
458 3817 493 3880 et
505 3807 733 3904 quambene,
753 3807 1000 3882 transferendis
1015 3807 1155 3881 illorum
1171 3809 1277 3894 locis,
1295 3807 1341 3883 de

319 3913 417 4038 poen
407 3928 535 4002 latine
548 3931 695 4048 meritus
711 3909 835 4018 luerit,
852 3932 1034 4040 ostendere
1050 3955 1229 4028 conamur
1251 3933 1338 4006 Tum

321 4057 472 4159 denique
493 4056 626 4132 nomini
644 4067 754 4155 poetae
778 4061 918 4156 propior
942 4033 1093 4144 accedit,
1120 4059 1156 4131 et
1180 4059 1246 4132 bac
1262 4055 1338 4132 sal-
