2954 4776
558 299 738 358 *itl-

124 440 262 505 mutua
274 438 565 526 prosequerentur
582 428 822 505 admiratione.
842 433 892 503 Dc
906 429 1020 505 verbis
1037 443 1154 504 tamen

140 550 346 648 ambigitur,
368 551 494 647 quibus
522 553 669 624 Lucretii
698 552 851 624 carmina
883 554 999 626 Cicero
1021 553 1156 652 dijudi-

140 686 218 748 cat:
243 703 259 743 ‹
282 677 327 748 Ut
344 675 483 760 scribis,
512 677 574 761 ait,
594 677 643 747 ita
669 687 774 748 sunt:
795 701 859 746 nou
874 677 993 750 multis
1009 677 1156 750 lumini-

140 798 209 872 bus
230 799 378 896 ingenii,
399 799 517 872 multa
533 811 650 872 tamen
665 801 749 872 artis
771 799 836 897 (1).
858 829 874 869 ι

190 922 361 995 Particula
373 923 779 1022 conconjecturaedcbcri
794 922 952 1008 videtur,
968 921 1052 995 dicit
1063 920 1158 994 Orel-

141 1045 224 1132 lius,
244 1045 305 1118 sed
321 1057 436 1132 certa,
451 1071 560 1143 quum
576 1047 772 1143 requiratur
790 1070 811 1119 a
826 1034 917 1143 part.
942 1062 1056 1116 tamon.

190 1170 251 1241 Vir
260 1180 377 1242 autem
389 1169 610 1243 doctissimus
620 1173 666 1242 Le
677 1169 773 1242 Clcrc
781 1169 986 1267 particulam
994 1193 1056 1238 cca
1067 1191 1160 1239 sum·
1188 1222 1191 1228 .

143 1317 203 1376 mo
220 1291 376 1388 quidem,
395 1304 434 1366 ut
447 1295 643 1391 opinamur,
656 1294 788 1393 judicio
802 1293 941 1367 delevit.
957 1295 1034 1364 Non
1047 1293 1161 1388 potuit

143 1418 237 1490 enim
253 1418 389 1504 Cicero,
402 1419 470 1514 qui
497 1429 635 1492 tantum
661 1430 696 1491 ct
716 1419 828 1491 Ennio
853 1428 892 1490 etv
910 1417 1005 1489 Attio
1033 1426 1067 1486 ct
1084 1417 1160 1517 ipso

144 1539 274 1616 Lucilio
290 1539 546 1628 delectabatur,
567 1553 706 1640 poetam
717 1545 765 1628 vi,
786 1541 899 1614 calore
918 1551 952 1613 et
969 1541 1087 1612 afflatu
1106 1564 1162 1612 su·

145 1664 339 1762 periorihus
357 1665 425 1738 illis
444 1667 553 1740 multo
582 1667 858 1764 prestantiorem
884 1689 955 1738 non
977 1663 1160 1749 demirari,

146 1797 182 1860 et
198 1811 307 1881 quum
337 1795 411 1886 ejus
431 1799 504 1861 arte
521 1789 633 1861 multa
661 1789 889 1875 detineretur,
922 1785 1164 1885 splendidioris

147 1909 254 1980 etiam
271 1909 400 2007 ingenii
414 1911 548 1984 lumina
557 1936 628 1983 non
642 1912 843 2008 predicare.

195 2034 288 2106 Num
306 2058 387 2106 vcro
406 2035 442 2106 in
459 2037 656 2107 Lucretium
674 2059 714 2108 co
729 2034 889 2132 flagravit
907 2032 1035 2118 studio,
1056 2042 1096 2104 ut
1118 2031 1167 2103 il-

148 2157 217 2228 lius
233 2169 371 2253 quoquc
388 2159 543 2232 carmina
559 2169 594 2231 ct
611 2157 795 2232 emendare
808 2157 979 2230 studuerit
996 2167 1030 2228 et
1049 2151 1168 2227 cdere?

151 2279 264 2364 Quam
293 2282 491 2376 opinionem
510 2293 672 2367 secutus,
691 2283 741 2354 sic
768 2283 804 2354 S.
834 2282 1065 2378 Hieronymus
1085 2277 1134 2376 (ἓ)
1157 2301 1167 2349 :

160 2402 289 2474 «Titus
308 2405 485 2476 Lucretius
510 2407 680 2491 nascitur,
700 2406 760 2501 qui
776 2415 898 2501 postca
915 2404 1082 2476 amatorio
1101 2427 1171 2499 po-

155 2524 231 2597 culo
249 2527 285 2597 in
304 2526 455 2600 furorem
472 2551 615 2613 versus,
637 2552 746 2624 quum
768 2527 899 2624 aliquot
917 2526 1023 2598 libros
1044 2548 1108 2623 per
1120 2527 1171 2597 in-

157 2649 296 2721 tervalla
317 2650 461 2723 insania
484 2653 766 2748 conscripsisset,
795 2673 881 2745 quos
907 2661 1029 2746 postca
1054 2651 1171 2721 Cicero

156 2772 364 2856 emendavit,
386 2775 526 2870 propria
545 2798 581 2845 se
600 2799 708 2846 manu
721 2773 935 2845 interfecit.»
992 2811 995 2818 ·

204 2895 313 2993 Hujus
328 2895 581 2968 emendationis
603 2898 639 2967 in
657 2896 851 2968 litterarum
868 2895 1015 2966 historia
1037 2894 1173 2965 nullum

156 3029 314 3114 superest
342 3019 540 3116 vestigium.
572 3018 803 3091 Adducuntur
833 3028 951 3089 autem
978 3015 1120 3113 quidam
1136 3025 1176 3088 ut

156 3163 236 3210 cam
255 3152 450 3238 susceptam
463 3141 569 3213 luisse
587 3143 787 3241 conjiciant,
809 3141 902 3238 quod
916 3141 1019 3212 variae
1027 3139 1176 3212 Lucretii

156 3263 322 3334 lectiones
350 3263 442 3360 apud
474 3266 717 3362 grammaticos
747 3266 878 3360 passim
908 3271 1102 3334 occurrant.
1131 3259 1178 3331 At

132 3465 134 3470 ,
158 3386 332 3460 Ciceronis
350 3411 486 3483 quoquc
499 3388 671 3472 carmina,
687 3389 888 3480 Propaouicu
904 3383 1118 3480 prasertim,
1137 3391 1178 3454 ut

159 3507 485 3594 animadvertimus,
512 3511 713 3582 varietatem
732 3511 769 3580 in
788 3507 965 3580 nonnullis
989 3505 1178 3602 quamdam

161 3631 340 3731 objiciunt.
362 3633 503 3704 Constat
521 3643 675 3706 autema
694 3634 855 3706 Cicerone
882 3654 985 3704 suum
1012 3655 1098 3728 opus
1117 3655 1180 3702 rc-

162 3764 348 3827 tractatum
362 3764 396 3826 et
407 3756 594 3852 expolitum
609 3758 727 3830 fuisso.
742 3757 833 3843 Quid
847 3757 952 3856 igitur
963 3755 1078 3830 obstat
1095 3755 1180 3852 quin

83 3999 89 4020 .
203 3963 237 4032 (l)
250 3965 290 4021 Ad
302 3964 425 4034 Quintum
434 3964 550 4038 fratrem,
564 3967 583 4024 l.
596 3971 623 4038 t,
638 3972 681 4024 lt.

205 4062 239 4128 (t)
256 4061 353 4118 Otroo.
368 4063 466 4120 Euseb.
479 4064 592 4138 olymp,
608 4066 667 4121 tlt.
