2994 4774
723 360 887 418 ..56-

299 498 411 594 poesis
424 497 568 569 heroica
583 518 683 567 musa
700 507 809 590 poctae
817 502 949 592 majora
964 497 1101 568 canenti
1118 496 1312 568 necessario

298 619 453 693 vocanda
472 620 537 692 luit
554 618 703 716 adjutrix
731 629 765 690 et
790 616 864 692 sola
885 620 1082 692 certaminis
1099 620 1239 718 gloriosi
1259 643 1313 691 re-

298 744 521 815 muneratrix.
543 745 733 841 Supersunt
747 751 820 841 ejus
835 743 914 816 libri
931 756 1002 817 tres
1014 746 1154 818 omnino
1171 769 1308 830 versus,

300 865 425 962 quibus
445 865 594 962 Calliope
618 867 771 938 Ciceroni
789 866 924 952 suadet,
946 877 985 940 ut
1001 867 1125 963 prioris
1143 868 1221 940 uitae
1237 889 1312 939 ves-

300 991 391 1088 tigiis
409 1001 606 1063 constanter
624 993 772 1064 insistat.

349 1119 459 1215 Hujus
470 1117 639 1213 poematis
655 1117 824 1189 rationem
836 1126 871 1188 et
886 1115 1067 1188 consilium
1085 1137 1205 1188 rursus
1222 1112 1313 1186 ordi-

300 1265 384 1314 nare
398 1242 529 1324 conati,
546 1239 589 1312 ab
607 1265 648 1312 ea
660 1239 914 1337 probabilitate,
929 1262 1035 1335 quam
1051 1236 1180 1334 ubique
1196 1238 1311 1310 Cicero

300 1365 480 1466 praedicat,
501 1391 642 1462 prorsus
661 1390 726 1438 nos
738 1364 949 1437 aberravisse
967 1389 1037 1436 non
1053 1365 1247 1460 opinamur.
1261 1364 1311 1434 Ne

300 1501 416 1562 tamen
432 1488 613 1562 videamur
634 1488 745 1560 multa
763 1488 921 1560 licentius
941 1487 1125 1571 effinxisse,
1148 1510 1216 1582 quo
1232 1486 1312 1559 faci-

298 1615 364 1687 lius
382 1616 581 1687 Ciceronem
604 1613 782 1684 innoxium
801 1635 1038 1710 argueremus,
1058 1635 1134 1706 quae
1153 1620 1313 1683 constant

299 1763 391 1811 nunc
406 1740 444 1809 in
455 1739 725 1810 controversiam
743 1747 879 1808 tantum
897 1735 1127 1809 adducantur.

348 1863 496 1936 Consilio
512 1863 603 1936 lovis
618 1861 813 1935 admittitur
825 1864 941 1935 Cicero
953 1919 962 1949 ,
976 1885 1080 1958 quem
1090 1885 1210 1934 omnes
1221 1871 1313 1932 artes

300 1989 477 2062 edocuisse
488 1991 640 2062 Minerva
650 2012 687 2061 se
695 1989 888 2086 profitetur.
899 1991 1020 2088 Ignota
1029 2011 1130 2061 musa
1138 1989 1310 2084 primum,

300 2119 427 2189 Urania
460 2117 605 2203 deinde,
636 2118 835 2214 tupiterque
863 2117 1015 2188 vicissim
1044 2137 1124 2186 eum
1153 2112 1313 2186 laudibus

298 2243 486 2328 extollunt,
518 2254 577 2314 aut
603 2241 745 2315 consilio
769 2249 910 2339 juvant;
941 2240 1046 2313 oboro
1073 2239 1245 2336 denique,
1273 2249 1314 2310 ut

297 2367 507 2461 praeconium
521 2376 555 2437 et
574 2367 726 2437 monitus
743 2363 942 2460 amplificet,
963 2364 1113 2460 Calliope
1132 2364 1310 2435 miscetur.
1369 2421 1370 2424 ,

299 2490 381 2572 Quae
413 2488 557 2560 tradidit
593 2489 804 2583 antiquitas,
832 2511 903 2558 non
931 2489 968 2558 in
1002 2487 1154 2560 deterius
1180 2498 1314 2559 vertere

298 2610 455 2680 nitimur.
483 2614 588 2683 Prout
618 2621 832 2695 occurrunt,
857 2609 1057 2706 simpliciter
1087 2633 1128 2682 ea
1160 2610 1314 2682 conferre

298 2735 491 2808 studemus.
522 2734 622 2820 Quod
651 2735 756 2834 igitur
776 2735 889 2833 operis
908 2735 1090 2808 consilium
1107 2734 1187 2807 inde
1205 2735 1316 2831 possit

299 2862 444 2947 exoriri,
464 2860 702 2958 dispiciamus.

346 2986 415 3056 Nos
433 2985 546 3058 adhue
563 3011 632 3059 non
648 2987 748 3083 fugit,
769 3011 838 3082 qua
863 2988 1060 3059 Ciceronem
1080 2986 1314 3069 Quintilianus

298 3108 515 3178 excusatione
544 3120 772 3204 prosequatur
788 3165 796 3194 ,
815 3125 935 3205 ‘quum
968 3109 1012 3182 ad
1043 3110 1134 3182 Jovis
1168 3110 1312 3182 consilia

299 3242 458 3328 raptum,
492 3242 526 3303 et
554 3230 715 3303 edoctum
740 3255 762 3302 a
785 3233 939 3304 Minerva
955 3243 1093 3328 poetam
1113 3245 1311 3307 memorat:

305 3356 430 3441 «Qua
468 3356 533 3429 sihi
566 3357 709 3440 Cicero,
749 3367 886 3428 secutus
923 3356 1082 3453 quaedam
1118 3360 1314 3432 Graecorum

301 3482 473 3578 exempla,
505 3482 720 3577 permiserat.
752 3509 767 3548 r
797 3482 1078 3580 Vulgatissimam
1104 3485 1209 3582 igitur
1225 3509 1314 3582 poe-

301 3608 404 3678 matis
420 3608 603 3691 rationem,
625 3618 660 3678 et
677 3629 698 3677 a
714 3605 944 3678 mediocribus
970 3608 1080 3703 poetis
1105 3607 1313 3681 celebratam

301 3740 545 3826 usurpaverat;
565 3740 612 3815 et,
632 3729 716 3803 dum
745 3731 811 3802 alio
841 3740 957 3802 mente
973 3730 1190 3828 respiciebat,
1219 3733 1313 3829 quod

301 3879 337 3927 m
355 3855 564 3927 carminibus
583 3857 671 3927 tanti
689 3856 805 3941 refert,
825 3855 1006 3928 consilium
1024 3859 1136 3954 operis
1150 3857 1248 3932 llocci
1265 3861 1282 3932 s
1300 3902 1314 3913 -

302 3983 414 4068 ciens,
434 3978 520 4052 illud
538 3979 582 4052 ab
603 3979 679 4051 aliis
704 3991 832 4052 temere
852 3989 1028 4052 mutuatus
1051 3981 1174 4053 iuerat.
1201 3984 1313 4067 Quam

304 4116 419 4178 autern
443 4105 555 4202 operis
575 4127 712 4178 summa
728 4105 773 4176 sit
789 4102 918 4188 infelix,
938 4103 1227 4178 considerandum
1245 4117 1308 4178 est.

362 4378 1078 4744 θῇ
