2966 4776
607 298 768 358 ...p9..

175 435 282 519 dens,
302 433 374 514 haec
389 435 432 514 in„
444 433 679 528 Gtoroprupiio
696 431 808 509 scrius
825 431 1013 531 descripsit
1027 433 1193 511 Atacinus

175 563 311 640 Varro:
412 629 413 634 ,

277 779 357 841 Tum
373 779 461 854 liceat
477 779 577 861 pelagi
592 779 728 849 volucres
744 779 897 858 undeque
916 781 1035 862 paludis

277 889 404 952 Cernere
417 860 568 969 inexpleto
581 888 680 950 studio
695 893 811 951 certare
826 891 967 966 lavandi,
987 889 1008 972 ',

276 996 316 1059 Et
327 997 411 1059 velut
424 999 578 1060 insolitum
591 999 696 1078 pennis
711 997 872 1061 infundere
881 1018 1000 1077 rorem;

275 1105 338 1178 Aut
358 1108 467 1194 arguta
483 1106 567 1192 lacus
585 1105 833 1168 circumvolitavit
848 1107 995 1182 laburdo,

274 1211 315 1274 Et
329 1213 383 1274 bos
399 1214 561 1293 suspiciens
572 1215 699 1288 coelum,
715 1215 852 1276 mirabile
863 1216 948 1278 visui

214 1305 216 1308 ⁵
275 1319 406 1382 Naribus
423 1323 540 1384 aerium
553 1322 665 1403 patrilis
676 1323 822 1404 decerpsit
836 1326 972 1389 odorem.

270 1429 338 1508 ‚Nec
351 1433 450 1494 tenuis
462 1430 587 1496 formica
600 1433 680 1495 cavis
695 1451 757 1495 non
767 1434 867 1498 evehit
878 1453 947 1498 ova.

174 1641 257 1724 Quae
282 1640 403 1714 leviter
430 1644 633 1729 immutate,
654 1642 708 1716 vel
727 1643 863 1742 integra
890 1645 944 1717 sui
969 1646 1059 1744 juris
1085 1644 1193 1744 Virgi-

173 1764 240 1866 lius
266 1766 466 1863 simpliciter
491 1777 525 1840 et
549 1766 658 1840 libere
681 1765 782 1853 fecit,
810 1767 848 1842 iu
875 1770 1073 1868 Georgicis,
1092 1769 1117 1842 l.
1147 1771 1191 1856 1,

172 1913 207 1960 v.
230 1891 331 1963 375:

538 2082 602 2146 Aut
621 2083 733 2147 bucula
751 2085 863 2146 coelum

253 2192 441 2275 suspiciam,
460 2193 570 2274 patulis
585 2196 715 2274 captavit
735 2195 858 2276 naribus
879 2204 988 2274 auras3

253 2303 316 2365 Aut
331 2305 439 2377 arguta
456 2302 541 2364 lacus
553 2304 802 2366 circumvolitavit
818 2305 964 2382 hirundo;
1047 2303 1048 2308 ’

250 2411 291 2476 Et
305 2418 438 2476 veterem
452 2415 484 2476 in
501 2415 574 2476 limo
586 2432 669 2476 ranae
683 2417 815 2476 cecinere
830 2416 998 2495 querelam.

252 2521 365 2603 Saepius
377 2530 407 2584 et
420 2526 505 2586 tectis
520 2525 724 2605 penetralibus
737 2527 843 2588 extulit
857 2545 914 2590 ova

247 2627 425 2703 angustum
439 2629 565 2692 formica
580 2636 680 2693 terens
699 2633 768 2693 iter.

254 2861 322 2924 Jam
339 2864 438 2924 varias
452 2862 551 2942 pelagi
564 2862 716 2936 volucres,
732 2867 763 2924 et
774 2879 843 2942 quae
855 2863 926 2925 Asia
938 2866 1052 2928 circum

257 2970 404 3033 Dulcibus
417 2972 449 3030 in
463 2971 574 3044 stagnis
588 2972 738 3032 rimantur
751 2974 838 3050 prata
851 2969 969 3051 Caystri
982 3016 990 3047 ‚

200 3119 201 3126 κ
252 3060 395 3142 Certatim
415 3080 512 3154 largos
531 3080 666 3142 humeris
684 3078 843 3142 infundere
858 3098 959 3156 rores,

252 3191 341 3253 Nunc
353 3195 444 3270 caput
460 3190 611 3269 objectare
623 3175 723 3266 iretis,
738 3209 821 3252 nunc
835 3209 957 3252 currere
970 3193 1002 3253 in
1015 3191 1128 3266 undas,

253 3298 293 3362 Et
307 3299 405 3362 studio
420 3302 568 3369 incassum
582 3300 684 3362 videas
696 3303 811 3362 certare
824 3299 956 3364 lavandi.

219 3536 358 3611 Talibus
375 3539 419 3613 ob
437 3535 553 3612 oculos
569 3537 773 3635 propositis,
802 3546 898 3632 potet
918 3557 987 3632 quo
1008 3555 1193 3634 progressu

171 3665 345 3761 variisque
375 3664 596 3737 incrementis
628 3663 673 3736 cd
703 3685 845 3736 auream
873 3662 1025 3736 Maronis
1056 3671 1192 3734 etatem

172 3792 285 3885 poesis
309 3790 418 3864 latina
442 3789 648 3888 pervenerit.
677 3791 754 3862 Jarn
776 3787 941 3861 Atacinus
964 3789 1072 3860 Varro
1092 3788 1192 3862 Cice-

173 3915 266 3986 ronis
294 3911 431 3988 musam
460 3911 605 4001 excolit,
639 3924 674 3986 et
699 3911 876 4012 Georgicis
909 3912 1012 3986 etiam
1042 3909 1192 4010 plurima

174 4039 488 4124 commodationis
510 4061 593 4113 vero
607 4039 763 4114 crederet
779 4038 864 4114 nihil
881 4039 974 4140 opud
999 4039 1113 4136 ipsum
1129 4038 1191 4110 Ci-
