2966 4776
612 323 778 383 „pp-

265 454 373 518 Rostro
393 454 511 528 tundit,
533 457 564 514 et
583 451 632 515 hio
651 453 786 516 Geminis
804 459 849 514 est
866 454 918 515 ille
940 455 996 516 sub
1010 457 1080 534 ipsis

264 562 343 624 Ante
353 561 482 637 Canem,
498 579 598 638 graeco
609 563 746 644 Procyon
758 565 811 642 qui
823 565 945 625 nomine
958 562 1067 625 iertur.

189 781 205 821 ‹
226 754 393 851 Praeoipiti
409 751 530 850 lapsu,
562 763 656 837 eto,
680 782 696 821 r
721 777 870 852 graeoum
895 782 911 822 ‹
932 753 1134 852 longissime
1148 778 1205 826 vo·

183 879 341 953 lutatur»
359 878 469 951 multo
487 888 641 976 superat.

269 1080 367 1164 Caput
385 1088 476 1162 atque
490 1082 592 1145 oeulos
602 1086 748 1160 torquens
761 1081 800 1144 ad
813 1085 901 1156 terga
911 1047 1024 1166 Nepai,

184 1269 310 1366 spirat,
331 1269 416 1344 dum
431 1271 534 1370 friget
549 1270 616 1344 hoo
632 1271 800 1345 Areteum
816 1299 833 1339 ‹
847 1282 952 1370 eaput
968 1251 1033 1346 suh
1052 1270 1207 1345 medium

183 1395 355 1469 Cancrum
371 1397 496 1496 pergit.
519 1425 534 1465 r
554 1397 645 1469 Vivit
661 1398 765 1470 etiam
783 1422 791 1469 :

262 1595 451 1661 Centaurum
461 1599 520 1662 leni
535 1603 682 1676 contingit
695 1601 810 1664 lubrioa
826 1601 942 1678 eauda;

183 1781 376 1883 languescit
396 1797 513 1859 autem
542 1786 691 1860 «cauda
722 1813 825 1884 porro
855 1788 985 1886 pendet
1009 1810 1114 1885 super
1130 1788 1206 1883 ipso

184 1909 394 1982 Centauro.»
419 1912 489 1983 Neo
508 1912 626 1983 minus
644 1912 710 1983 hae
727 1911 843 2008 lepida
860 1911 1012 1985 deleoto'r
1030 1913 1204 2011 imagine:

265 2114 442 2179 Extremam
456 2119 554 2180 nitens
568 2119 705 2199 plumato
719 2136 843 2198 corpore
861 2117 974 2182 Corvus

263 2222 370 2284 Rostro
383 2223 484 2285 tundit
498 2243 507 2300 ;

182 2407 267 2482 dum
295 2408 453 2508 frigidior
482 2410 611 2483 Aratus
642 2433 651 2482 :
690 2437 707 2478 e
736 2411 901 2482 Extremo
930 2419 1049 2481 autern
1074 2404 1206 2479 insidet

184 2533 409 2608 simulacrum
427 2536 548 2621 Corvi,
570 2536 700 2632 spiram
719 2534 894 2608 mordenti
912 2533 1037 2606 simile.
1059 2561 1075 2602 r

233 2657 401 2727 Caeterum
414 2681 486 2728 non
503 2665 576 2755 jam
592 2658 748 2755 singulos
763 2683 885 2730 versus
905 2657 1052 2756 singuiis
1069 2678 1207 2750 compo·

185 2777 318 2852 nendos
331 2778 565 2864 arbitramur;
581 2779 656 2864 sed,
677 2805 787 2876 quum
802 2783 1001 2877 interpretis
1017 2780 1105 2853 fides
1122 2780 1206 2852 satis

184 2903 348 2989 emineat,
369 2902 462 2975 illius
481 2903 678 2978 universam
695 2904 803 2977 modo.
818 2904 1022 3004 dignitatem
1042 2901 1207 2977 animad-

182 3029 351 3102 vertimus
374 3027 423 3125 (1)
441 3053 451 3102 t
923 3021 925 3024 ⁵

264 3229 338 3294 Hoc
347 3209 428 3304 sunt,
441 3248 510 3310 quae
519 3231 618 3291 visens
628 3235 776 3292 nocturno
788 3234 924 3308 tempore
936 3231 1037 3316 signa,

265 3340 488 3419 AEternumque
504 3340 608 3402 volens
623 3341 730 3401 mnndi
743 3356 928 3419 praenoscere
947 3341 1086 3406 motum,

264 3450 413 3525 Legitimo
423 3469 526 3513 cernes
538 3450 649 3512 ooelum
663 3450 826 3512 lustrantia
837 3465 942 3509 eursu.

263 3557 342 3622 Nam
357 3579 425 3640 quae
440 3579 494 3640 per
508 3561 554 3622 his
568 3579 619 3622 sex
631 3562 785 3635 signorum
802 3559 897 3620 labier
911 3556 1016 3617 orbem

265 3665 408 3749 Quinque
421 3671 520 3731 solent.
532 3669 643 3745 stellae,
658 3668 749 3730 simili
760 3668 876 3729 ratione
891 3667 989 3727 notari

262 3772 330 3836 Non
343 3779 488 3856 possunt:
510 3777 598 3856 quia,
614 3774 807 3853 quaeiaoiunt
827 3774 952 3848 vestigia
967 3789 1078 3843 cursu,

263 3880 331 3944 Non
343 3884 449 3946 eodem
460 3902 578 3965 semper
593 3886 689 3965 spatio
705 3886 824 3964 portata
835 3886 989 3944 teruntur.

221 4086 258 4154 ll)
277 4087 379 4159 Nobbe‚
394 4093 456 4146 ior.
472 4091 578 4161 draluS,
597 4095 659 4149 itt.
