<?xml version="1.0" encoding="UTF-8"?>
<!DOCTYPE html PUBLIC "-//W3C//DTD XHTML 1.0 Transitional//EN"
    "http://www.w3.org/TR/xhtml1/DTD/xhtml1-transitional.dtd">
<html xmlns="http://www.w3.org/1999/xhtml" xml:lang="en" lang="en">
 <head>
  <title>
</title>
<meta http-equiv="Content-Type" content="text/html;charset=utf-8" />
  <meta name='ocr-system' content='tesseract 3.04.00' />
  <meta name='ocr-capabilities' content='ocr_page ocr_carea ocr_par ocr_line ocrx_word'/>
</head>
<body>
  <div class='ocr_page' id='page_1' title='image "./depoeticamtulli00fagugoog_0106.png"; bbox 0 0 2954 4776; ppageno 0'>
   <div class='ocr_carea' id='block_1_1' title="bbox 617 307 778 370">
    <p class='ocr_par' dir='ltr' id='par_1_1' title="bbox 617 307 778 370">
     <span class='ocr_line' id='line_1_1' title="bbox 617 307 778 370; baseline -0.025 -14"><span class='ocrx_word' id='word_1_1' title='bbox 617 307 778 370; x_wconf 52' lang='grc' dir='ltr'>...ἢθ-</span> 
     </span>
    </p>
   </div>
   <div class='ocr_carea' id='block_1_2' title="bbox 133 437 1293 3772">
    <p class='ocr_par' dir='ltr' id='par_1_2' title="bbox 133 437 1293 3772">
     <span class='ocr_line' id='line_1_2' title="bbox 188 437 1205 537; baseline -0.004 -25"><span class='ocrx_word' id='word_1_2' title='bbox 188 437 372 537; x_wconf 79' lang='lat' dir='ltr'>elegantia.</span> <span class='ocrx_word' id='word_1_3' title='bbox 389 437 486 512; x_wconf 80' lang='lat' dir='ltr'>ehuo</span> <span class='ocrx_word' id='word_1_4' title='bbox 501 446 620 512; x_wconf 86' lang='lat' dir='ltr'>noster</span> <span class='ocrx_word' id='word_1_5' title='bbox 631 449 667 511; x_wconf 89' lang='lat' dir='ltr'>et</span> <span class='ocrx_word' id='word_1_6' title='bbox 677 439 856 535; x_wconf 83' lang='lat' dir='ltr'>proprium</span> <span class='ocrx_word' id='word_1_7' title='bbox 873 461 1056 511; x_wconf 89' lang='lat' dir='ltr'>numemm</span> <span class='ocrx_word' id='word_1_8' title='bbox 1070 448 1104 510; x_wconf 89' lang='lat' dir='ltr'>ot</span> <span class='ocrx_word' id='word_1_9' title='bbox 1117 437 1205 516; x_wconf 87' lang='lat' dir='ltr'>leeta</span> 
     </span>
     <span class='ocr_line' id='line_1_3' title="bbox 190 562 1205 664; baseline -0.002 -26"><span class='ocrx_word' id='word_1_10' title='bbox 190 575 349 662; x_wconf 77' lang='lat' dir='ltr'>poemata</span> <span class='ocrx_word' id='word_1_11' title='bbox 367 576 402 637; x_wconf 89' lang='lat' dir='ltr'>et</span> <span class='ocrx_word' id='word_1_12' title='bbox 427 565 501 638; x_wconf 84' lang='lat' dir='ltr'>loeo</span> <span class='ocrx_word' id='word_1_13' title='bbox 522 565 744 664; x_wconf 79' lang='lat' dir='ltr'>adjungebat.</span> <span class='ocrx_word' id='word_1_14' title='bbox 764 567 897 660; x_wconf 87' lang='lat' dir='ltr'>ltaque,</span> <span class='ocrx_word' id='word_1_15' title='bbox 912 577 1097 661; x_wconf 84' lang='lat' dir='ltr'>postquam</span> <span class='ocrx_word' id='word_1_16' title='bbox 1114 562 1205 637; x_wconf 85' lang='lat' dir='ltr'>ada-</span> 
     </span>
     <span class='ocr_line' id='line_1_4' title="bbox 190 688 1206 786; baseline -0.001 -24"><span class='ocrx_word' id='word_1_17' title='bbox 190 692 282 764; x_wconf 82' lang='lat' dir='ltr'>mavi</span> <span class='ocrx_word' id='word_1_18' title='bbox 300 689 390 761; x_wconf 88' lang='lat' dir='ltr'>hane</span> <span class='ocrx_word' id='word_1_19' title='bbox 415 691 515 786; x_wconf 81' lang='lat' dir='ltr'>quasi</span> <span class='ocrx_word' id='word_1_20' title='bbox 543 691 686 762; x_wconf 83' lang='lat' dir='ltr'>senilem</span> <span class='ocrx_word' id='word_1_21' title='bbox 716 688 1024 774; x_wconf 80' lang='lat' dir='ltr'>declamationem,</span> <span class='ocrx_word' id='word_1_22' title='bbox 1053 690 1206 763; x_wconf 88' lang='lat' dir='ltr'>studiose</span> 
     </span>
     <span class='ocr_line' id='line_1_5' title="bbox 189 810 1238 910; baseline 0.002 -26"><span class='ocrx_word' id='word_1_23' title='bbox 189 813 352 910; x_wconf 90' lang='lat' dir='ltr'>equidem</span> <span class='ocrx_word' id='word_1_24' title='bbox 371 825 449 887; x_wconf 88' lang='lat' dir='ltr'>utor</span> <span class='ocrx_word' id='word_1_25' title='bbox 467 815 593 888; x_wconf 88' lang='lat' dir='ltr'>nostris</span> <span class='ocrx_word' id='word_1_26' title='bbox 609 815 738 910; x_wconf 80' lang='lat' dir='ltr'>poetis3</span> <span class='ocrx_word' id='word_1_27' title='bbox 763 813 846 900; x_wconf 88' lang='lat' dir='ltr'>sed,</span> <span class='ocrx_word' id='word_1_28' title='bbox 868 814 977 887; x_wconf 82' lang='lat' dir='ltr'>sicubi</span> <span class='ocrx_word' id='word_1_29' title='bbox 992 813 1042 886; x_wconf 91' lang='lat' dir='ltr'>illi</span> <span class='ocrx_word' id='word_1_30' title='bbox 1069 814 1208 886; x_wconf 77' lang='lat' dir='ltr'>defece-</span> <span class='ocrx_word' id='word_1_31' title='bbox 1235 810 1238 822; x_wconf 73' lang='grc'><strong>’</strong></span> 
     </span>
     <span class='ocr_line' id='line_1_6' title="bbox 192 938 1208 1034; baseline 0 -23"><span class='ocrx_word' id='word_1_32' title='bbox 192 949 297 1022; x_wconf 83' lang='lat' dir='ltr'>runt,</span> <span class='ocrx_word' id='word_1_33' title='bbox 315 938 402 1011; x_wconf 83' lang='lat' dir='ltr'>verti</span> <span class='ocrx_word' id='word_1_34' title='bbox 418 939 491 1034; x_wconf 90' lang='lat' dir='ltr'>ipse</span> <span class='ocrx_word' id='word_1_35' title='bbox 505 938 616 1010; x_wconf 90' lang='lat' dir='ltr'>multa</span> <span class='ocrx_word' id='word_1_36' title='bbox 632 938 675 1010; x_wconf 91' lang='lat' dir='ltr'>de</span> <span class='ocrx_word' id='word_1_37' title='bbox 694 940 838 1025; x_wconf 72' lang='lat' dir='ltr'>Graecis,</span> <span class='ocrx_word' id='word_1_38' title='bbox 857 957 984 1034; x_wconf 87' lang='lat' dir='ltr'>nequo</span> <span class='ocrx_word' id='word_1_39' title='bbox 1005 949 1208 1011; x_wconf 87' lang='lat' dir='ltr'>omameuto</span> 
     </span>
     <span class='ocr_line' id='line_1_7' title="bbox 190 1059 1202 1160; baseline -0.005 -28"><span class='ocrx_word' id='word_1_40' title='bbox 190 1061 226 1134; x_wconf 88' lang='lat' dir='ltr'>in</span> <span class='ocrx_word' id='word_1_41' title='bbox 236 1060 439 1160; x_wconf 79' lang='lat' dir='ltr'>boegeuere</span> <span class='ocrx_word' id='word_1_42' title='bbox 453 1061 695 1156; x_wconf 74' lang='lat' dir='ltr'>disputationis</span> <span class='ocrx_word' id='word_1_43' title='bbox 706 1071 838 1133; x_wconf 82' lang='lat' dir='ltr'>careret</span> <span class='ocrx_word' id='word_1_44' title='bbox 848 1061 956 1132; x_wconf 91' lang='lat' dir='ltr'>latina</span> <span class='ocrx_word' id='word_1_45' title='bbox 971 1063 1080 1133; x_wconf 86' lang='lat' dir='ltr'>oratio</span> <span class='ocrx_word' id='word_1_46' title='bbox 1099 1059 1166 1158; x_wconf 84' lang='lat'>(1).</span> <span class='ocrx_word' id='word_1_47' title='bbox 1185 1087 1202 1127; x_wconf 70' lang='lat' dir='ltr'>u</span> 
     </span>
     <span class='ocr_line' id='line_1_8' title="bbox 241 1181 1210 1284; baseline -0.004 -26"><span class='ocrx_word' id='word_1_48' title='bbox 241 1186 325 1269; x_wconf 85' lang='lat' dir='ltr'>Quae</span> <span class='ocrx_word' id='word_1_49' title='bbox 358 1186 408 1256; x_wconf 87' lang='lat' dir='ltr'>sie</span> <span class='ocrx_word' id='word_1_50' title='bbox 438 1193 642 1284; x_wconf 79' lang='lat' dir='ltr'>argumento</span> <span class='ocrx_word' id='word_1_51' title='bbox 671 1181 827 1256; x_wconf 84' lang='lat' dir='ltr'>breviore</span> <span class='ocrx_word' id='word_1_52' title='bbox 851 1181 1124 1258; x_wconf 81' lang='lat' dir='ltr'>concludemus:</span> <span class='ocrx_word' id='word_1_53' title='bbox 1144 1182 1210 1255; x_wconf 86' lang='lat' dir='ltr'>bos</span> 
     </span>
     <span class='ocr_line' id='line_1_9' title="bbox 192 1307 1207 1405; baseline 0.001 -26"><span class='ocrx_word' id='word_1_54' title='bbox 192 1331 312 1380; x_wconf 86' lang='lat' dir='ltr'>versus</span> <span class='ocrx_word' id='word_1_55' title='bbox 339 1333 410 1381; x_wconf 93' lang='lat' dir='ltr'>non</span> <span class='ocrx_word' id='word_1_56' title='bbox 440 1307 619 1405; x_wconf 77' lang='lat' dir='ltr'>agnoscis,</span> <span class='ocrx_word' id='word_1_57' title='bbox 652 1318 686 1380; x_wconf 94' lang='lat' dir='ltr'>et</span> <span class='ocrx_word' id='word_1_58' title='bbox 714 1319 889 1380; x_wconf 80' lang='lat' dir='ltr'>auctorem</span> <span class='ocrx_word' id='word_1_59' title='bbox 917 1333 937 1380; x_wconf 91' lang='lat' dir='ltr'>a</span> <span class='ocrx_word' id='word_1_60' title='bbox 962 1332 1018 1380; x_wconf 91' lang='lat' dir='ltr'>me</span> <span class='ocrx_word' id='word_1_61' title='bbox 1046 1309 1207 1405; x_wconf 84' lang='lat' dir='ltr'>requiris.</span> 
     </span>
     <span class='ocr_line' id='line_1_10' title="bbox 194 1433 1208 1533; baseline 0.001 -26"><span class='ocrx_word' id='word_1_62' title='bbox 194 1433 314 1507; x_wconf 88' lang='lat' dir='ltr'>Probe.</span> <span class='ocrx_word' id='word_1_63' title='bbox 334 1437 408 1533; x_wconf 79' lang='lat' dir='ltr'>Ego</span> <span class='ocrx_word' id='word_1_64' title='bbox 431 1458 513 1507; x_wconf 77' lang='lat' dir='ltr'>vero</span> <span class='ocrx_word' id='word_1_65' title='bbox 538 1433 692 1508; x_wconf 86' lang='lat' dir='ltr'>studiose</span> <span class='ocrx_word' id='word_1_66' title='bbox 714 1437 840 1508; x_wconf 90' lang='lat' dir='ltr'>nostris</span> <span class='ocrx_word' id='word_1_67' title='bbox 859 1435 970 1531; x_wconf 89' lang='lat' dir='ltr'>poetis</span> <span class='ocrx_word' id='word_1_68' title='bbox 996 1446 1099 1520; x_wconf 90' lang='lat' dir='ltr'>ut0r;</span> <span class='ocrx_word' id='word_1_69' title='bbox 1125 1434 1208 1519; x_wconf 88' lang='lat' dir='ltr'>sed,</span> 
     </span>
     <span class='ocr_line' id='line_1_11' title="bbox 193 1555 1124 1654; baseline 0 -24"><span class='ocrx_word' id='word_1_70' title='bbox 193 1555 303 1630; x_wconf 83' lang='lat' dir='ltr'>sicubi</span> <span class='ocrx_word' id='word_1_71' title='bbox 319 1555 369 1628; x_wconf 92' lang='lat' dir='ltr'>illi</span> <span class='ocrx_word' id='word_1_72' title='bbox 385 1555 595 1642; x_wconf 81' lang='lat' dir='ltr'>defecerunt,</span> <span class='ocrx_word' id='word_1_73' title='bbox 612 1559 700 1629; x_wconf 87' lang='lat' dir='ltr'>verti</span> <span class='ocrx_word' id='word_1_74' title='bbox 717 1557 791 1654; x_wconf 85' lang='lat' dir='ltr'>ipse</span> <span class='ocrx_word' id='word_1_75' title='bbox 807 1556 918 1629; x_wconf 88' lang='lat' dir='ltr'>multa</span> <span class='ocrx_word' id='word_1_76' title='bbox 930 1557 973 1630; x_wconf 89' lang='lat' dir='ltr'>de</span> <span class='ocrx_word' id='word_1_77' title='bbox 985 1558 1124 1630; x_wconf 83' lang='lat' dir='ltr'>Graecis.</span> 
     </span>
     <span class='ocr_line' id='line_1_12' title="bbox 246 1681 1211 1782; baseline 0 -28"><span class='ocrx_word' id='word_1_78' title='bbox 246 1682 345 1769; x_wconf 83' lang='lat' dir='ltr'>Quod</span> <span class='ocrx_word' id='word_1_79' title='bbox 359 1685 387 1754; x_wconf 92' lang='lat' dir='ltr'>si</span> <span class='ocrx_word' id='word_1_80' title='bbox 403 1693 519 1754; x_wconf 86' lang='lat' dir='ltr'>autem</span> <span class='ocrx_word' id='word_1_81' title='bbox 536 1683 769 1779; x_wconf 75' lang='lat' dir='ltr'>quarentibus</span> <span class='ocrx_word' id='word_1_82' title='bbox 784 1681 828 1755; x_wconf 92' lang='lat' dir='ltr'>de</span> <span class='ocrx_word' id='word_1_83' title='bbox 840 1683 919 1778; x_wconf 87' lang='lat' dir='ltr'>libri</span> <span class='ocrx_word' id='word_1_84' title='bbox 938 1684 1121 1782; x_wconf 88' lang='lat' dir='ltr'>eujusdam</span> <span class='ocrx_word' id='word_1_85' title='bbox 1134 1707 1211 1756; x_wconf 88' lang='lat' dir='ltr'>aue-</span> 
     </span>
     <span class='ocr_line' id='line_1_13' title="bbox 188 1807 1212 1906; baseline 0.001 -28"><span class='ocrx_word' id='word_1_86' title='bbox 188 1817 270 1880; x_wconf 88' lang='lat' dir='ltr'>-tore</span> <span class='ocrx_word' id='word_1_87' title='bbox 287 1807 355 1879; x_wconf 90' lang='lat' dir='ltr'>tale</span> <span class='ocrx_word' id='word_1_88' title='bbox 372 1807 471 1878; x_wconf 90' lang='lat' dir='ltr'>nobis</span> <span class='ocrx_word' id='word_1_89' title='bbox 489 1831 696 1904; x_wconf 88' lang='lat' dir='ltr'>responsum</span> <span class='ocrx_word' id='word_1_90' title='bbox 720 1807 878 1893; x_wconf 85' lang='lat' dir='ltr'>daretur,</span> <span class='ocrx_word' id='word_1_91' title='bbox 897 1833 941 1880; x_wconf 89' lang='lat' dir='ltr'>ne</span> <span class='ocrx_word' id='word_1_92' title='bbox 966 1810 1111 1881; x_wconf 89' lang='lat' dir='ltr'>minima</span> <span class='ocrx_word' id='word_1_93' title='bbox 1129 1810 1212 1906; x_wconf 88' lang='lat' dir='ltr'>qui-</span> 
     </span>
     <span class='ocr_line' id='line_1_14' title="bbox 193 1931 1110 2010; baseline 0.004 -8"><span class='ocrx_word' id='word_1_94' title='bbox 193 1931 446 2010; x_wconf 80' lang='lat' dir='ltr'>demhaesuros</span> <span class='ocrx_word' id='word_1_95' title='bbox 464 1932 678 2004; x_wconf 79' lang='lat' dir='ltr'>dubitatione</span> <span class='ocrx_word' id='word_1_96' title='bbox 700 1956 764 2004; x_wconf 91' lang='lat' dir='ltr'>nos</span> <span class='ocrx_word' id='word_1_97' title='bbox 782 1933 872 2005; x_wconf 91' lang='lat' dir='ltr'>ultro</span> <span class='ocrx_word' id='word_1_98' title='bbox 888 1935 1110 2007; x_wconf 85' lang='lat' dir='ltr'>eonfitemur.</span> 
     </span>
     <span class='ocr_line' id='line_1_15' title="bbox 245 2054 1210 2154; baseline 0.001 -27"><span class='ocrx_word' id='word_1_99' title='bbox 245 2057 360 2140; x_wconf 89' lang='lat' dir='ltr'>Quum</span> <span class='ocrx_word' id='word_1_100' title='bbox 378 2057 482 2153; x_wconf 81' lang='lat' dir='ltr'>igitur</span> <span class='ocrx_word' id='word_1_101' title='bbox 496 2054 654 2126; x_wconf 91' lang='lat' dir='ltr'>laudatos</span> <span class='ocrx_word' id='word_1_102' title='bbox 664 2079 785 2127; x_wconf 88' lang='lat' dir='ltr'>versus</span> <span class='ocrx_word' id='word_1_103' title='bbox 796 2079 866 2127; x_wconf 91' lang='lat' dir='ltr'>non</span> <span class='ocrx_word' id='word_1_104' title='bbox 883 2068 1046 2154; x_wconf 80' lang='lat' dir='ltr'>agnoscat</span> <span class='ocrx_word' id='word_1_105' title='bbox 1060 2056 1210 2143; x_wconf 89' lang='lat' dir='ltr'>auditor,</span> 
     </span>
     <span class='ocr_line' id='line_1_16' title="bbox 195 2180 1212 2278; baseline 0.001 -25"><span class='ocrx_word' id='word_1_106' title='bbox 195 2182 220 2254; x_wconf 92' lang='lat' dir='ltr'>ii</span> <span class='ocrx_word' id='word_1_107' title='bbox 236 2182 294 2252; x_wconf 84' lang='lat' dir='ltr'>vix</span> <span class='ocrx_word' id='word_1_108' title='bbox 306 2180 391 2252; x_wconf 84' lang='lat' dir='ltr'>Attii</span> <span class='ocrx_word' id='word_1_109' title='bbox 405 2187 478 2278; x_wconf 86' lang='lat' dir='ltr'>jam</span> <span class='ocrx_word' id='word_1_110' title='bbox 495 2204 570 2252; x_wconf 88' lang='lat' dir='ltr'>esse</span> <span class='ocrx_word' id='word_1_111' title='bbox 588 2192 752 2276; x_wconf 90' lang='lat' dir='ltr'>possunt,</span> <span class='ocrx_word' id='word_1_112' title='bbox 771 2182 840 2252; x_wconf 89' lang='lat' dir='ltr'>uisi</span> <span class='ocrx_word' id='word_1_113' title='bbox 856 2180 944 2252; x_wconf 84' lang='lat' dir='ltr'>forte</span> <span class='ocrx_word' id='word_1_114' title='bbox 962 2180 1126 2253; x_wconf 89' lang='lat' dir='ltr'>stolidum</span> <span class='ocrx_word' id='word_1_115' title='bbox 1141 2181 1212 2254; x_wconf 88' lang='lat' dir='ltr'>dia·</span> 
     </span>
     <span class='ocr_line' id='line_1_17' title="bbox 196 2303 1213 2402; baseline 0 -24"><span class='ocrx_word' id='word_1_116' title='bbox 196 2304 264 2402; x_wconf 83' lang='lat' dir='ltr'>logi</span> <span class='ocrx_word' id='word_1_117' title='bbox 283 2315 434 2376; x_wconf 80' lang='lat' dir='ltr'>actorem</span> <span class='ocrx_word' id='word_1_118' title='bbox 453 2303 518 2376; x_wconf 89' lang='lat' dir='ltr'>sibi</span> <span class='ocrx_word' id='word_1_119' title='bbox 531 2305 648 2376; x_wconf 83' lang='lat' dir='ltr'>Cicero</span> <span class='ocrx_word' id='word_1_120' title='bbox 659 2304 780 2402; x_wconf 82' lang='lat' dir='ltr'>fingat.</span> <span class='ocrx_word' id='word_1_121' title='bbox 798 2304 900 2376; x_wconf 91' lang='lat' dir='ltr'>lllum</span> <span class='ocrx_word' id='word_1_122' title='bbox 917 2316 1034 2377; x_wconf 89' lang='lat' dir='ltr'>autem</span> <span class='ocrx_word' id='word_1_123' title='bbox 1051 2329 1115 2378; x_wconf 87' lang='lat' dir='ltr'>nee</span> <span class='ocrx_word' id='word_1_124' title='bbox 1131 2308 1213 2378; x_wconf 91' lang='lat' dir='ltr'>insi-</span> 
     </span>
     <span class='ocr_line' id='line_1_18' title="bbox 195 2428 1213 2527; baseline 0.003 -27"><span class='ocrx_word' id='word_1_125' title='bbox 195 2430 366 2527; x_wconf 63' lang='lat' dir='ltr'>pientem3</span> <span class='ocrx_word' id='word_1_126' title='bbox 386 2453 449 2500; x_wconf 88' lang='lat' dir='ltr'>nee</span> <span class='ocrx_word' id='word_1_127' title='bbox 468 2429 662 2501; x_wconf 89' lang='lat' dir='ltr'>litterarum</span> <span class='ocrx_word' id='word_1_128' title='bbox 684 2428 817 2502; x_wconf 84' lang='lat' dir='ltr'>inducit</span> <span class='ocrx_word' id='word_1_129' title='bbox 832 2431 1045 2526; x_wconf 86' lang='lat' dir='ltr'>imperitum.</span> <span class='ocrx_word' id='word_1_130' title='bbox 1064 2429 1213 2505; x_wconf 85' lang='lat' dir='ltr'>Auditor</span> 
     </span>
     <span class='ocr_line' id='line_1_19' title="bbox 196 2554 1212 2653; baseline 0.001 -25"><span class='ocrx_word' id='word_1_131' title='bbox 196 2557 290 2629; x_wconf 91' lang='lat' dir='ltr'>euim</span> <span class='ocrx_word' id='word_1_132' title='bbox 307 2556 372 2628; x_wconf 87' lang='lat' dir='ltr'>fuit</span> <span class='ocrx_word' id='word_1_133' title='bbox 389 2578 492 2651; x_wconf 77' lang='lat' dir='ltr'>sape,</span> <span class='ocrx_word' id='word_1_134' title='bbox 514 2579 624 2650; x_wconf 90' lang='lat' dir='ltr'>quum</span> <span class='ocrx_word' id='word_1_135' title='bbox 642 2554 788 2626; x_wconf 82' lang='lat' dir='ltr'>Athenis</span> <span class='ocrx_word' id='word_1_136' title='bbox 805 2566 916 2640; x_wconf 88' lang='lat' dir='ltr'>esset,</span> <span class='ocrx_word' id='word_1_137' title='bbox 929 2557 966 2626; x_wconf 91' lang='lat' dir='ltr'>iu</span> <span class='ocrx_word' id='word_1_138' title='bbox 984 2555 1110 2628; x_wconf 84' lang='lat' dir='ltr'>scholis</span> <span class='ocrx_word' id='word_1_139' title='bbox 1127 2557 1212 2653; x_wconf 87' lang='lat' dir='ltr'>phi·-</span> 
     </span>
     <span class='ocr_line' id='line_1_20' title="bbox 195 2679 1212 2778; baseline -0.001 -24"><span class='ocrx_word' id='word_1_140' title='bbox 195 2681 430 2778; x_wconf 87' lang='lat' dir='ltr'>losephorum.</span> <span class='ocrx_word' id='word_1_141' title='bbox 467 2681 582 2764; x_wconf 89' lang='lat' dir='ltr'>Quum</span> <span class='ocrx_word' id='word_1_142' title='bbox 616 2690 733 2750; x_wconf 88' lang='lat' dir='ltr'>autem</span> <span class='ocrx_word' id='word_1_143' title='bbox 766 2679 834 2750; x_wconf 90' lang='lat' dir='ltr'>alia</span> <span class='ocrx_word' id='word_1_144' title='bbox 866 2680 985 2752; x_wconf 89' lang='lat' dir='ltr'>laudat</span> <span class='ocrx_word' id='word_1_145' title='bbox 1018 2679 1153 2766; x_wconf 85' lang='lat' dir='ltr'>Cicero,</span> <span class='ocrx_word' id='word_1_146' title='bbox 1178 2692 1212 2753; x_wconf 89' lang='lat' dir='ltr'>et</span> 
     </span>
     <span class='ocr_line' id='line_1_21' title="bbox 192 2803 1212 2902; baseline -0.002 -24"><span class='ocrx_word' id='word_1_147' title='bbox 192 2806 310 2902; x_wconf 88' lang='lat' dir='ltr'>ipsum</span> <span class='ocrx_word' id='word_1_148' title='bbox 327 2806 412 2877; x_wconf 82' lang='lat' dir='ltr'>Attii</span> <span class='ocrx_word' id='word_1_149' title='bbox 426 2827 585 2888; x_wconf 81' lang='lat' dir='ltr'>carmen,</span> <span class='ocrx_word' id='word_1_150' title='bbox 607 2827 677 2875; x_wconf 89' lang='lat' dir='ltr'>uno</span> <span class='ocrx_word' id='word_1_151' title='bbox 692 2826 795 2877; x_wconf 85' lang='lat' dir='ltr'>versu</span> <span class='ocrx_word' id='word_1_152' title='bbox 815 2813 850 2875; x_wconf 90' lang='lat' dir='ltr'>et</span> <span class='ocrx_word' id='word_1_153' title='bbox 865 2803 981 2876; x_wconf 91' lang='lat' dir='ltr'>medio</span> <span class='ocrx_word' id='word_1_154' title='bbox 994 2804 1100 2880; x_wconf 88' lang='lat' dir='ltr'>altero</span> <span class='ocrx_word' id='word_1_155' title='bbox 1118 2807 1212 2877; x_wconf 87' lang='lat' dir='ltr'>reei-</span> 
     </span>
     <span class='ocr_line' id='line_1_22' title="bbox 195 2926 1204 3026; baseline -0.006 -24"><span class='ocrx_word' id='word_1_156' title='bbox 195 2931 295 3016; x_wconf 89' lang='lat' dir='ltr'>tatis‚</span> <span class='ocrx_word' id='word_1_157' title='bbox 318 2926 626 3002; x_wconf 84' lang='lat' dir='ltr'>consistitdieens:</span> <span class='ocrx_word' id='word_1_158' title='bbox 653 2954 669 2994; x_wconf 68' lang='lat' dir='ltr'>a</span> <span class='ocrx_word' id='word_1_159' title='bbox 689 2927 786 2998; x_wconf 90' lang='lat' dir='ltr'>Nosti</span> <span class='ocrx_word' id='word_1_160' title='bbox 801 2951 877 3022; x_wconf 89' lang='lat' dir='ltr'>quae</span> <span class='ocrx_word' id='word_1_161' title='bbox 891 2938 1083 3024; x_wconf 88' lang='lat' dir='ltr'>sequuntur</span> <span class='ocrx_word' id='word_1_162' title='bbox 1100 2927 1166 3026; x_wconf 74' lang='lat'><strong>(2).</strong></span> <span class='ocrx_word' id='word_1_163' title='bbox 1189 2958 1204 2996; x_wconf 72' lang='lat' dir='ltr'>s</span> 
     </span>
     <span class='ocr_line' id='line_1_23' title="bbox 194 3051 1205 3152; baseline 0 -26"><span class='ocrx_word' id='word_1_164' title='bbox 194 3057 321 3128; x_wconf 87' lang='lat' dir='ltr'>Doetus</span> <span class='ocrx_word' id='word_1_165' title='bbox 339 3065 392 3126; x_wconf 90' lang='lat' dir='ltr'>est</span> <span class='ocrx_word' id='word_1_166' title='bbox 401 3054 507 3152; x_wconf 82' lang='lat' dir='ltr'>igitur</span> <span class='ocrx_word' id='word_1_167' title='bbox 523 3051 659 3126; x_wconf 86' lang='lat' dir='ltr'>auditor</span> <span class='ocrx_word' id='word_1_168' title='bbox 678 3064 713 3124; x_wconf 88' lang='lat' dir='ltr'>et</span> <span class='ocrx_word' id='word_1_169' title='bbox 731 3053 807 3151; x_wconf 85' lang='lat' dir='ltr'>ipsa</span> <span class='ocrx_word' id='word_1_170' title='bbox 819 3053 916 3150; x_wconf 82' lang='lat' dir='ltr'>novit</span> <span class='ocrx_word' id='word_1_171' title='bbox 936 3052 1021 3125; x_wconf 85' lang='lat' dir='ltr'>Attii</span> <span class='ocrx_word' id='word_1_172' title='bbox 1040 3057 1205 3127; x_wconf 88' lang='lat' dir='ltr'>earmina.</span> 
     </span>
     <span class='ocr_line' id='line_1_24' title="bbox 193 3167 1208 3276; baseline -0.002 -26"><span class='ocrx_word' id='word_1_173' title='bbox 193 3179 335 3276; x_wconf 83' lang='lat' dir='ltr'>Fingiue</span> <span class='ocrx_word' id='word_1_174' title='bbox 361 3201 442 3250; x_wconf 87' lang='lat' dir='ltr'>vero</span> <span class='ocrx_word' id='word_1_175' title='bbox 468 3187 581 3274; x_wconf 88' lang='lat' dir='ltr'>potest</span> <span class='ocrx_word' id='word_1_176' title='bbox 606 3175 679 3248; x_wconf 87' lang='lat' dir='ltr'>haee</span> <span class='ocrx_word' id='word_1_177' title='bbox 707 3176 813 3262; x_wconf 84' lang='lat' dir='ltr'>Attii,</span> <span class='ocrx_word' id='word_1_178' title='bbox 844 3167 904 3248; x_wconf 85' lang='lat' dir='ltr'>illa</span> <span class='ocrx_word' id='word_1_179' title='bbox 929 3187 1045 3249; x_wconf 88' lang='lat' dir='ltr'>autem</span> <span class='ocrx_word' id='word_1_180' title='bbox 1066 3179 1208 3249; x_wconf 89' lang='lat' dir='ltr'>minime</span> 
     </span>
     <span class='ocr_line' id='line_1_25' title="bbox 133 3299 1293 3408; baseline 0.002 -38"><span class='ocrx_word' id='word_1_181' title='bbox 133 3361 137 3370; x_wconf 93' lang='lat'>.</span> <span class='ocrx_word' id='word_1_182' title='bbox 193 3299 361 3376; x_wconf 77' lang='lat' dir='ltr'>noscens?</span> <span class='ocrx_word' id='word_1_183' title='bbox 377 3304 521 3374; x_wconf 88' lang='lat' dir='ltr'>Prorsus</span> <span class='ocrx_word' id='word_1_184' title='bbox 534 3299 718 3372; x_wconf 79' lang='lat' dir='ltr'>ridiculum</span> <span class='ocrx_word' id='word_1_185' title='bbox 729 3310 832 3408; x_wconf 78' lang='lat' dir='ltr'>esset.</span> <span class='ocrx_word' id='word_1_186' title='bbox 844 3301 936 3398; x_wconf 83' lang='lat' dir='ltr'>Ergo</span> <span class='ocrx_word' id='word_1_187' title='bbox 953 3309 1064 3372; x_wconf 91' lang='lat' dir='ltr'>totum</span> <span class='ocrx_word' id='word_1_188' title='bbox 1075 3301 1208 3372; x_wconf 82' lang='lat' dir='ltr'>Attium</span> <span class='ocrx_word' id='word_1_189' title='bbox 1292 3379 1293 3382; x_wconf 8' lang='grc' dir='ltr'><strong>Ἴ</strong></span> 
     </span>
     <span class='ocr_line' id='line_1_26' title="bbox 194 3421 1208 3519; baseline -0.004 -19"><span class='ocrx_word' id='word_1_190' title='bbox 194 3439 312 3500; x_wconf 87' lang='lat' dir='ltr'>tenere</span> <span class='ocrx_word' id='word_1_191' title='bbox 327 3425 443 3500; x_wconf 88' lang='lat' dir='ltr'>debet.</span> <span class='ocrx_word' id='word_1_192' title='bbox 467 3427 566 3498; x_wconf 90' lang='lat' dir='ltr'>Nune</span> <span class='ocrx_word' id='word_1_193' title='bbox 590 3435 707 3496; x_wconf 87' lang='lat' dir='ltr'>tamen</span> <span class='ocrx_word' id='word_1_194' title='bbox 727 3425 926 3497; x_wconf 83' lang='lat' dir='ltr'>aCioerone</span> <span class='ocrx_word' id='word_1_195' title='bbox 950 3421 1112 3508; x_wconf 90' lang='lat' dir='ltr'>laudata,</span> <span class='ocrx_word' id='word_1_196' title='bbox 1132 3448 1208 3519; x_wconf 82' lang='lat' dir='ltr'>quae</span> 
     </span>
     <span class='ocr_line' id='line_1_27' title="bbox 150 3543 1208 3646; baseline -0.006 -20"><span class='ocrx_word' id='word_1_197' title='bbox 150 3635 151 3638; x_wconf 5' lang='grc' dir='ltr'><strong>Ἴ</strong></span> <span class='ocrx_word' id='word_1_198' title='bbox 182 3543 352 3628; x_wconf 48' lang='lat' dir='ltr'>‘seruntur</span> <span class='ocrx_word' id='word_1_199' title='bbox 380 3549 483 3625; x_wconf 86' lang='lat' dir='ltr'>ambo</span> <span class='ocrx_word' id='word_1_200' title='bbox 514 3548 598 3624; x_wconf 84' lang='lat' dir='ltr'>Attii</span> <span class='ocrx_word' id='word_1_201' title='bbox 629 3548 840 3646; x_wconf 80' lang='lat' dir='ltr'>fragmenta,</span> <span class='ocrx_word' id='word_1_202' title='bbox 860 3571 898 3620; x_wconf 92' lang='lat' dir='ltr'>se</span> <span class='ocrx_word' id='word_1_203' title='bbox 918 3571 989 3620; x_wconf 89' lang='lat' dir='ltr'>nou</span> <span class='ocrx_word' id='word_1_204' title='bbox 1021 3569 1208 3645; x_wconf 76' lang='lat' dir='ltr'>ugnoseme</span> 
     </span>
     <span class='ocr_line' id='line_1_28' title="bbox 194 3673 1207 3772; baseline -0.01 -22"><span class='ocrx_word' id='word_1_205' title='bbox 194 3678 332 3756; x_wconf 88' lang='lat' dir='ltr'>fatetur.</span> <span class='ocrx_word' id='word_1_206' title='bbox 355 3678 434 3752; x_wconf 79' lang='lat' dir='ltr'>Hae</span> <span class='ocrx_word' id='word_1_207' title='bbox 445 3674 550 3772; x_wconf 83' lang='lat' dir='ltr'>igitur</span> <span class='ocrx_word' id='word_1_208' title='bbox 565 3673 649 3746; x_wconf 84' lang='lat' dir='ltr'>Attii</span> <span class='ocrx_word' id='word_1_209' title='bbox 665 3695 734 3746; x_wconf 91' lang='lat' dir='ltr'>non</span> <span class='ocrx_word' id='word_1_210' title='bbox 749 3695 824 3749; x_wconf 88' lang='lat' dir='ltr'>esse</span> <span class='ocrx_word' id='word_1_211' title='bbox 838 3681 997 3768; x_wconf 88' lang='lat' dir='ltr'>possunt.</span> <span class='ocrx_word' id='word_1_212' title='bbox 1014 3673 1079 3744; x_wconf 85' lang='lat' dir='ltr'>Fae</span> <span class='ocrx_word' id='word_1_213' title='bbox 1091 3682 1207 3746; x_wconf 84' lang='lat' dir='ltr'>tamen</span> 
     </span>
    </p>
   </div>
   <div class='ocr_carea' id='block_1_3' title="bbox 233 3969 543 4138">
    <p class='ocr_par' dir='ltr' id='par_1_3' title="bbox 233 3969 543 4138">
     <span class='ocr_line' id='line_1_29' title="bbox 234 3969 543 4041; baseline -0.003 -15"><span class='ocrx_word' id='word_1_214' title='bbox 234 3969 543 4041; x_wconf 72' lang='lat' dir='ltr'>‹·r)ro0o1.‚1.2‚u.</span> 
     </span>
     <span class='ocr_line' id='line_1_30' title="bbox 233 4065 502 4138; baseline -0.015 -14"><span class='ocrx_word' id='word_1_215' title='bbox 233 4065 502 4138; x_wconf 61' lang='lat' dir='ltr'>(stamnum.</span> 
     </span>
    </p>
   </div>
   <div class='ocr_carea' id='block_1_4' title="bbox 0 0 1493 4776">
    <p class='ocr_par' dir='ltr' id='par_1_4' title="bbox 0 0 1493 4776">
     <span class='ocr_line' id='line_1_31' title="bbox 0 0 1493 4776; baseline 0 0"><span class='ocrx_word' id='word_1_216' title='bbox 0 0 1493 4776; x_wconf 95' lang='lat' dir='ltr'> </span> 
     </span>
    </p>
   </div>
  </div>
 </body>
</html>
