2954 4776
567 321 751 380 -lttt-

159 455 198 526 in
213 455 417 533 consolatione
431 453 621 525 Crantoris.
646 452 706 524 mc
719 453 817 524 ,enim
833 453 1027 525 vllerinaeum
1050 474 1178 550 quem-

160 576 241 650 dem
256 576 434 675 Elysium,
457 595 565 673 quum
584 577 734 674 graviter
750 575 812 648 nni
826 587 974 648 mortem
991 587 1175 664 moereret,

158 701 294 774 venisse
322 702 359 772 in
382 700 684 799 psychomantium
708 711 919 804 quaerentem
951 725 1029 805 quoe
1056 702 1178 774 luisset

160 833 263 896 tantae
281 823 486 896 calamitatis
505 849 629 910 causa3
650 803 732 896 huic
752 825 795 896 in·
806 825 941 898 tabellis
964 836 1034 908 tres
1051 825 1179 924 hujus-

161 945 255 1018 modi
271 946 458 1019 rersioulos
472 945 585 1019 datos.
603 975 619 1015 e

120 1066 122 1070 ’
203 1070 324 1154 Ουυῐη
350 1081 467 1141 autem
491 1071 692 1142 Crantorem
709 1067 827 1140 laudet
844 1067 980 1154 Cicero,
1004 1092 1066 1139 neo
1081 1069 1178 1140 veri-

160 1193 272 1266 simile
296 1193 396 1265 nobis
423 1193 594 1280 videatur,
612 1192 705 1290 apud
730 1202 905 1264 auctorem
924 1191 1071 1263 latinum
1091 1207 1181 1263 con*

159 1341 279 1404 versa,
309 1317 498 1388 occurrisse
523 1315 641 1388 statim
673 1313 806 1399 omnia,
828 1313 954 1410 quibus
984 1312 1176 1412 indigeret,

162 1466 242 1514 eum
277 1442 500 1538 interpretem
527 1440 768 1538 agnoscimus,
794 1463 954 1536 pressum
979 1436 1120 1536 quidem
1145 1450 1179 1510 ot

161 1589 273 1666 graeeo
287 1565 447 1638 facillime
464 1589 584 1662 parem
605 1563 617 1662 (
643 1568 671 1661 ).

212 1685 438 1784 Sardanapali
447 1686 661 1784 epitaphium
670 1683 829 1758 eamdem
839 1707 983 1757 manum
994 1683 1177 1782 signifieat,

162 1809 219 1881 his
234 1810 422 1906 praemissis
441 1835 449 1881 :
471 1784 563 1881 «ΕΚ4
576 1832 644 1905 quo
662 1805 905 1904 Sardanapali,
929 1806 1181 1904 opulentissimi

163 1935 270 2032 Syria
295 1935 404 2032 regis,
432 1958 527 2006 orror
556 1933 772 2032 agnoscitur,
800 1933 860 2027 qui
884 1930 990 2004 incidi
1015 1932 1121 2030 jussit
1145 1933 1181 2002 in

162 2055 267 2129 busto
288 2055 335 2153 (2)
354 2081 400 2128 s:

245 2253 319 2318 Hac
332 2254 429 2316 habeo
445 2271 515 2350 qua
527 2253 592 2327 cdi,
610 2269 738 2332 quaque
750 2255 921 2314 exsaturata
935 2251 1027 2314 libido

249 2359 359 2424 Hausit
372 2381 381 2424 ι
396 2366 428 2423 at
441 2361 492 2422 illa
504 2360 605 2440 jacent
618 2361 715 2424 multa
727 2365 757 2422 et
772 2359 916 2441 preclara
929 2357 1048 2422 relicta.

214 2565 254 2634 ln
271 2561 415 2659 quibus,
432 2562 462 2633 si
478 2561 596 2636 forsan
610 2562 835 2661 elegantiam,
856 2571 997 2636 sensum
1013 2565 1137 2637 saltem
1152 2576 1186 2636 et

168 2687 236 2760 vim
256 2684 461 2781 exemplaris
479 2708 549 2756 non
566 2686 737 2782 requiras.

216 2811 295 2882 Haeo
325 2794 480 2880 ‘Solonis'
495 2793 599 2880 nemo
617 2793 783 2879 'Ciceroni
816 2805 1001 2882 tradidisse
1029 2800 1184 2893 ridetur,

168 2958 276 3032 quum
296 2936 370 3031 ipse
387 2932 536 3005 dixerit:
558 2960 574 3000 o
590 2931 636 3004 At
652 2955 734 3004 vero
750 2931 808 3003 ille
824 2933 962 3029 sapiens
979 2931 1045 3030 (3).
1063 2962 1078 3000 s

249 3131 329 3193 Mors
341 3151 410 3194 mea
426 3145 464 3194 ne
478 3135 579 3192 eareat
593 3130 734 3209 lacrymis
749 3149 757 3190 ι
773 3129 946 3207 linquamus
959 3131 1062 3193 amicis

250 3236 420 3312 Memorem,
437 3240 473 3297 ut
487 3235 637 3297 celebrent
651 3235 757 3297 lunera
771 3253 842 3297 oum
856 3238 984 3310 gemitu.

167 3431 298 3508 Exacta
316 3440 447 3500 sancet
465 3428 537 3501 fida
551 3452 629 3525 qua
645 3430 765 3526 graecis
782 3427 868 3499 nihil
884 3423 1072 3499 invideant.
1144 3493 1145 3496 ,

220 3555 399 3627 Praemisso
417 3556 557 3627 nomine
576 3552 781 3638 Simonidis,
807 3561 882 3652 jam
908 3550 1083 3624 laudanda
1101 3555 1184 3625 satis

209 3797 244 3867 (t)
257 3795 297 3854 cl.
311 3796 381 3854 Plut.
396 3747 475 3854 Coos.
489 3795 535 3852 od.
550 3794 645 3870 Aput,
658 3810 685 3867 p.
694 3798 761 3854 toa

208 3891 245 3960 (2)
266 3893 373 3964 traco,
390 3902 472 3964 quum
491 3891 690 3964 mutuatos,
708 3895 763 3948 tum
779 3889 849 3963 apud
859 3890 1013 3950 Strabonem
1029 3901 1185 3968 meunt,

173 3985 192 4042 Ι·
210 3987 520 4152 (dl·luocal.,l.t,l9.
536 4078 576 4136 Gt.
594 4077 662 4138 Plut.
678 4083 738 4151 to,
753 4093 781 4154 p.
796 4082 857 4150 ⁴⁰2·
889 4104 891 4114 ι
1068 4113 1082 4135 1.
