2994 4774
586 289 748 348 ..a-1..

210 427 360 496 Deorum
376 423 472 496 curia
480 421 641 519 quanm
651 419 752 496 nobis
764 431 883 518 patere
893 421 1043 507 videtur,
1058 423 1095 492 in
1106 443 1176 519 qua

162 557 360 645 postquam,
381 546 531 620 consulis
539 548 631 620 uices
648 570 769 644 agens,
783 569 858 620 rem
873 548 1027 620 Minerva
1043 545 1189 630 retulit„

164 669 209 744 ad
236 680 375 742 caterno
393 670 565 767 gradatim
588 671 760 742 sententia
784 670 975 758 descendit,
994 670 1103 743 donec
1129 669 1174 742 ad

163 796 362 870 Ciceronem
374 797 491 892 ipsum
504 796 632 868 veniat.
652 791 752 879 Quod
766 817 809 866 ex
823 794 879 866 his
889 793 1091 880 Quintiliani
1101 817 1177 867 ver·

163 918 218 990 bis
251 918 408 1018 colligere
436 943 652 1016 possumus:
684 947 700 988 ι
727 921 772 990 Et
804 919 897 1014 quod
930 918 1178 1016 reprehensum

163 1041 269 1116 fuisse
284 1051 319 1114 et
333 1040 487 1115 derisum
506 1041 646 1138 (Cicero)
668 1040 787 1114 scribit
809 1041 1039 1126 anonnullis‚
1058 1065 1080 1112 a
1098 1041 1181 1112 Jove

165 1187 204 1239 sa
233 1165 270 1238 in
300 1165 484 1240 concilium
517 1165 663 1238 deomm
699 1165 930 1251 advocatum,
968 1189 990 1236 a
1023 1166 1180 1238 Minerva

166 1315 286 1366 omnes
304 1303 396 1364 artes
425 1291 586 1365 edoctum
614 1292 741 1377 fuisse,
763 1315 840 1388 quae
867 1291 933 1364 sibi
959 1292 1099 1377 Cicero,
1119 1313 1180 1361 se-

166 1423 266 1489 cutus
295 1411 455 1508 quadam
477 1415 673 1486 Graecorum
700 1414 877 1512 exempla,
909 1414 1128 1511 permiserat.
1159 1439 1175 1479 r

168 1537 286 1620 Quint.
305 1561 352 1622 xi,
369 1561 393 1609 1.

217 1657 316 1744 Quod
333 1661 465 1734 sivero
491 1660 591 1734 nobis
616 1685 687 1734 non
712 1662 796 1734 satis
813 1661 943 1758 liquet,
965 1662 1179 1746 attineret,

170 1783 255 1859 dum
271 1786 469 1862 Ciceronem
491 1786 613 1873 docet,
642 1786 800 1860 habitum
827 1785 936 1863 fuisso
961 1809 1180 1872 sermonem,

170 1918 286 1984 orator
300 1921 393 1984 certe
413 1911 546 2008 Jupiter
561 1910 597 1980 in
615 1909 788 1982 Ciceronis
809 1907 1021 1980 carmimbns
1040 1909 1191 1993 exstitit*

170 2035 263 2110 utin
274 2035 426 2130 quadam
448 2034 494 2108 ad
514 2035 683 2119 Quintum
707 2033 853 2130 epistola
870 2034 1092 2106 manifestum
1104 2044 1185 2104 cst:

175 2186 194 2226 c
220 2159 321 2242 Quod
347 2183 406 2234 me
428 2159 595 2232 admones
619 2158 663 2232 de
688 2183 759 2232 non
782 2159 964 2243 manda,
992 2155 1189 2254 suadesque

109 2309 117 2330 ⁰
172 2293 211 2354 ut
225 2283 443 2358 menducrim
459 2285 550 2360 Jovis
566 2286 778 2370 orationem,
802 2307 878 2380 quae
895 2293 949 2354 est
975 2285 1012 2354 in
1035 2291 1189 2354 extremo

172 2406 231 2482 illo
258 2407 370 2484 libro:
390 2434 452 2510 ego
477 2435 560 2484 vero
590 2411 746 2496 memini,
779 2419 845 2482 etc.
876 2436 892 2476 r
922 2408 977 2481 Ad
1004 2408 1187 2492 Quintum,

173 2533 199 2610 l.
218 2539 255 2618 2,
277 2537 313 2606 8.
340 2537 424 2620 Qua
451 2539 554 2610 tertia
576 2559 762 2634 personam
783 2536 820 2607 in
847 2535 989 2632 poeticis
1018 2534 1191 2609 Ciceronis

176 2657 338 2752 operibus
368 2661 464 2756 agit.
484 2662 561 2757 ipsa
588 2672 661 2734 tam
680 2661 864 2732 manifesto
895 2669 1012 2755 partes
1043 2658 1190 2730 oratoris

179 2781 307 2860 Urania
333 2779 508 2867 defendite
521 2793 563 2854 ut
580 2783 696 2854 locum
717 2807 760 2854 err
782 2782 996 2854 orationihus
1012 2783 1050 2852 in
1065 2780 1191 2852 Catili-

177 2927 260 2980 nam
292 2914 494 3002 ‹excerptum
529 2904 567 2976 in
600 2927 742 2976 carmon
780 2913 979 2976 convertere
1019 2901 1190 2974 videatur.

179 3028 309 3112 Quarta
337 3027 508 3114 simliter,
541 3027 692 3124 Calliope
720 3025 897 3113 videlicet,
932 3026 1081 3098 oratorio
1113 3049 1194 3098 cum

179 3154 310 3228 cetera
333 3153 448 3226 studio
478 3153 666 3250 contendit,
685 3163 719 3226 ct
732 3155 931 3226 Ciceronem
955 3151 1135 3235 hortatur,
1154 3137 1195 3222 ut

180 3303 321 3352 cursum
346 3303 451 3376 quem
473 3302 494 3350 a
512 3286 694 3377 juventute
715 3289 789 3352 eta
809 3276 991 3350 consulatu
1021 3275 1191 3359 tonuerit,

180 3400 399 3476 eumeudem
416 3402 609 3474 constantia
626 3409 750 3472 servet.
774 3403 851 3473 lam
868 3400 975 3498 igitur
991 3409 1043 3470 tot
1061 3397 1196 3470 oratio—

181 3549 243 3602 nes
260 3537 345 3622 quot
366 3527 478 3622 capita
496 3527 533 3600 in
557 3524 768 3598 carminibus
786 3524 966 3598 Ciceronis*
982 3523 1191 3596 invenimus.

183 3651 258 3738 Quo
274 3675 357 3724 vero
381 3675 417 3724 se
441 3651 546 3724 modo
564 3662 637 3725 tum
664 3649 814 3724 disertus
837 3659 954 3722 orator
971 3645 1081 3746 gerit?
1104 3649 1196 3720 Num

182 3775 285 3850 totto
301 3787 375 3851 tam
389 3777 566 3874 eloquenti
583 3777 728 3850 deorum
739 3787 831 3848 coetu
845 3771 1027 3848 mutescit?
1041 3815 1089 3828 --
1101 3773 1147 3845 At
1159 3774 1196 3846 in

185 3915 340 4000 poemate
348 3927 577 4002 personamne
590 3903 653 3978 tibi
662 3902 779 4001 fingis,
791 3920 868 3998 quae
878 3925 988 3998 quum
998 3899 1086 3974 nihii
1100 3909 1193 3998 agat,

185 4049 228 4100 uo
246 4027 355 4101 ullum
372 4028 513 4126 quidem
530 4027 675 4102 uerbum
692 4028 839 4112 emittat,
867 4049 946 4124 qua
968 4049 1105 4123 semper
1126 4022 1199 4098 ad·-
