2966 4776
718 297 879 360 ..58-

365 433 433 498 lam
448 451 532 496 mare
545 431 726 510 tyrrhenum
740 430 828 526 longe
841 429 1021 510 penitusque
1032 431 1188 510 palumbes

371 542 529 622 Relliquit.

289 696 486 794 obscuriore
510 721 613 793 etiam
638 721 737 793 titulo
756 721 953 793 criticorum
970 743 1116 792 acumen
1131 719 1308 816 preterit,

290 847 349 943 qni
366 857 483 918 tamen
500 870 649 946 graecum
665 846 782 917 nescio
798 844 881 941 quid
898 843 1053 917 redolere
1070 844 1219 916 videtur.

338 973 378 1040 ln
395 972 537 1041 Jocularl
552 972 650 1041 libello
667 994 775 1067 quum
790 995 859 1042 suae
874 968 1063 1041 dicacitatis
1080 969 1226 1042 fortasse
1240 979 1313 1040 tes-

290 1095 434 1166 timonia
463 1095 621 1193 colligere
643 1094 809 1178 voluerit,
841 1118 911 1166 non
934 1096 1128 1166 Graeeorum
1151 1093 1312 1192 proxime

288 1219 440 1318 vestigiis
461 1219 618 1290 insistere
634 1219 746 1315 potuit
762 1218 899 1303 Cicero;
919 1241 1028 1318 genus
1046 1226 1164 1287 tamen
1181 1215 1224 1286 ab
1242 1218 1308 1286 Ar·

290 1343 368 1416 chia
390 1344 555 1442 magistro
580 1341 763 1427 traditum,
789 1341 1038 1438 epigrammata
1059 1339 1209 1423 scilicet,
1229 1339 1312 1409 reti·

291 1493 397 1556 nens,
416 1470 482 1542 hoc
500 1469 623 1541 saltem
644 1467 798 1539 imitator
815 1467 919 1538 etiarn
935 1465 1078 1538 exstitit.
1097 1466 1312 1561 Quanquam

291 1601 462 1667 incertum
492 1605 545 1666 est
567 1591 769 1664 versibusne
790 1603 884 1664 totus
906 1590 963 1662 hie
987 1589 1075 1662 liber
1094 1590 1312 1685 conscriptus

292 1719 408 1790 luerit.
428 1717 557 1789 Plinius
578 1717 709 1816 junior,
734 1717 759 1788 l.
779 1718 817 1802 7,
839 1719 881 1803 d,
901 1717 1074 1789 Ciceronis
1098 1714 1312 1812 epigramma

293 1842 470 1939 quoddam
489 1842 526 1913 in
544 1843 703 1914 Tironem
720 1852 913 1914 memorat:

353 2043 432 2106 Nam
447 2044 584 2124 queritur
598 2043 678 2122 quod
690 2041 797 2106 frande
811 2042 892 2108 mala
904 2041 1066 2104 frustratus
1080 2043 1248 2104 amantem.

340 2228 500 2301 Alterum
519 2231 557 2301 in
569 2231 760 2301 Varronem
778 2229 991 2325 epigramma
1009 2226 1163 2299 Ciceroni
1181 2224 1315 2296 asseri-

294 2363 364 2438 tur,
384 2360 482 2450 cnjus
499 2353 613 2448 prima
630 2375 711 2447 pars
729 2375 799 2423 non
815 2353 1005 2422 Varronem
1021 2351 1181 2436 lacessit,
1204 2361 1238 2422 et
1253 2373 1316 2422 se-

294 2476 409 2549 cunda
422 2500 493 2548 non
510 2477 685 2549 Ciceronis·
699 2488 771 2562 est,
793 2488 832 2548 ut
851 2463 1058 2550 recentiores
1077 2479 1311 2575 suspicantur.

295 2605 336 2675 In
360 2603 426 2675 hoe
459 2604 551 2674 enim
579 2604 799 2675 consentiunt
827 2606 957 2702 Meyer,
983 2606 1172 2698 Aulholopia
1190 2605 1312 2688 latinu,

296 2729 444 2802 Orellius
462 2739 496 2804 et
512 2727 645 2802 Nobbe.

346 2860 425 2930 Haec
446 2857 602 2928 Iocularis
626 2859 719 2928 libelli
737 2858 881 2956 vestigia
905 2866 1121 2952 permanent.
1143 2853 1314 2928 Ciceronis

298 2983 409 3049 Limon
423 3004 572 3076 graecum
590 3004 711 3051 rursus
731 2980 871 3051 titulum
887 2979 1040 3074 praelert,
1059 2989 1093 3048 et
1108 2978 1310 3078 vulgarem,

298 3103 328 3173 si
345 3104 382 3173 C.
406 3102 505 3173 Plinii
531 3102 679 3174 Secundi
705 3102 895 3198 praefationi
915 3101 1114 3173 credideris.
1136 3103 1251 3187 Quum
1272 3125 1314 3173 ex

297 3226 356 3299 illo
370 3225 458 3298 libro
472 3225 647 3322 supersint
661 3235 809 3321 quatuor
821 3226 857 3296 in
866 3224 1006 3298 laudem
1017 3226 1165 3297 Terentii
1177 3249 1310 3308 versus,

298 3353 484 3452 conjiciunt
501 3352 609 3424 critici
634 3352 803 3449 praeconia
823 3351 1188 3448 praestantissimorum
1210 3353 1248 3422 in
1272 3375 1310 3423 eo

297 3480 450 3552 virorum
466 3479 572 3551 luisse
596 3478 732 3551 collata.
753 3476 853 3561 Quod
878 3477 983 3550 etiam
1002 3477 1134 3549 Archiae
1156 3475 1313 3572 discipli-

298 3625 382 3673 nam
407 3604 443 3674 in
468 3603 671 3675 memoriam
700 3600 799 3674 nobis
816 3612 1003 3674 revocaret.
1023 3602 1086 3674 Hic
1110 3600 1197 3673 illud
1214 3600 1311 3698 frag-

299 3736 457 3798 mentum
474 3727 675 3825 subjicimus
693 3751 702 3802 a

382 3946 429 4008 Tu
441 3965 574 4026 quoqne,
591 3949 643 4026 qui
655 3947 735 4008 solus
748 3946 826 4007 lecto
842 3963 993 4022 sermone,
1009 3947 1149 4020 Terenti,

382 4055 563 4122 Conversum
578 4073 811 4140 expressumque
823 4055 917 4120 latina
929 4073 1003 4120 voce
1015 4053 1215 4123 Menandrum

445 4520 629 4720 n
754 4428 951 4720 »Υ
983 4488 1141 4720 5.
