2954 4776
577 349 611 362 -·
639 315 698 374 tte
729 349 756 358 -
859 329 867 344 ⁴

206 450 347 547 Propria
363 447 535 522 Ciceronis
552 447 707 526 carmine
722 469 793 520 non
811 447 965 520 oratione
982 450 1118 548 magis,
1138 459 1177 522 ut
1198 431 1209 464 ⁵

158 572 258 644 nohis
289 570 446 657 videtur,
475 593 581 667 quam
611 569 753 646 consilio
782 581 959 667 praestant.
991 573 1053 646 Hie
1083 573 1176 647 enim

158 706 324 768 occurunt
341 718 418 792 quae
434 692 623 767 deridiculo
639 693 773 766 famosa
789 692 1031 768 celebrantur:

291 955 293 960 ,
402 889 515 954 Cedant
530 910 614 953 arma
632 895 730 966 toga,
751 895 810 953 etc.

402 995 629 1060 Oiortunatam
646 1003 769 1074 natam,
792 1003 850 1060 etc.

208 1199 293 1288 Quae
309 1225 419 1300 quum
437 1204 485 1274 De
502 1206 685 1296 temporibus
706 1207 770 1272 sois
786 1225 926 1274 carmen
943 1201 1176 1298 turpaverint,

159 1349 231 1398 uon
256 1325 471 1399 absimilibus
499 1337 703 1399 exornatum
723 1325 768 1398 de
794 1325 974 1398 consulatu
999 1325 1181 1424 fragmen-

160 1460 237 1522 tum
264 1449 441 1547 arguitur.
456 1452 496 1521 ln
521 1449 587 1522 hoc
615 1451 720 1522 etiam
742 1449 918 1547 repentia,
945 1449 1047 1535 dure,
1073 1451 1181 1546 impe,-

161 1572 257 1658 dita,
289 1572 421 1644 hiantia
450 1573 623 1670 'pleraque
659 1571 749 1644 infra
788 1573 960 1644 Ciceronis
990 1572 1178 1645 orationem

161 1697 310 1770 solutam
338 1696 542 1782 subsidunt,
565 1695 695 1770 nedum
714 1696 850 1768 Uraniae
871 1696 1072 1768 vaticinium
1096 1698 1181 1766 Pro-

159 1822 300 1913 quuticis
337 1830 372 1892 et
399 1822 611 1892 Phooomcru‘s
646 1819 800 1892 conferre
831 1819 945 1892 liceat.
984 1820 1067 1903 Quae
1098 1843 1180 1892 voro

161 1965 268 2014 causa
288 1953 340 2014 est
363 1944 479 2015 curin
498 1944 645 2040 propriis
666 1967 788 2016 sensus
805 1945 959 2039 poeticus
980 1945 1179 2016 Ciceronem

160 2061 233 2138 fere
256 2061 414 2136 deserat?
430 2107 479 2118 -
495 2062 638 2138 Modum
665 2064 844 2136 excederet
869 2067 928 2161 qui
954 2068 1179 2164 perexiguum

162 2187 309 2260 oratoris
328 2198 363 2259 et
385 2198 493 2285 poetae
514 2188 726 2260 consortium
752 2211 828 2260 esee
855 2187 1089 2260 contenderet.
1111 2191 1182 2262 Nec

162 2312 237 2408 ipsc
256 2313 452 2409 negaverim
472 2311 625 2408 aliquam
650 2312 834 2385 interillos
861 2335 936 2385 esse
958 2314 1178 2400 societatem,

163 2435 213 2506 ita
230 2459 312 2508 vero
336 2447 375 2510 ut
397 2436 596 2510 discrimine
619 2436 772 2534 quodem
798 2448 833 2509 et
856 2438 993 2535 ingenio
1016 2437 1183 2536 singulari

165 2555 423 2654 dignoscantur.
439 2561 569 2632 Eorum
584 2559 706 2632 saltem
720 2561 829 2633 musis
841 2584 1008 2659 germane
1022 2560 1182 2658 quendum

166 2690 226 2753 aut
239 2681 351 2754 affinis
369 2683 460 2756 inest
483 2683 684 2767 diversitas,
706 2687 826 2775 qualem
850 2687 929 2756 dccet
947 2709 1005 2756 esse
1022 2708 1177 2758 sororum.

165 2803 279 2888 Quam
291 2803 526 2878 diversitatem
545 2829 654 2901 quum
671 2804 758 2878 alter
771 2805 890 2877 tollere
902 2807 1036 2890 nititur,
1049 2806 1086 2877 in
1099 2805 1182 2878 alte·

164 2928 238 3000 rius
247 2928 319 3003 iere
331 2940 492 3001 naturam
500 2928 650 3025 migrare
660 2938 787 3025 potcst;
803 2951 912 3024 quum
923 2938 1040 3000 autem
1050 2939 1177 3016 orator,
1204 2971 1208 2978 ·

164 3048 246 3122 licet
259 3052 392 3148 poesim
405 3074 608 3150 aggressus,
628 3050 752 3124 obnixe
762 3063 942 3148 permanet
958 3063 1086 3138 orator,
1098 3077 1181 3150 quo·

165 3170 271 3244 modo
285 3196 323 3244 re
336 3180 411 3271 jem
428 3197 612 3248 evasurum
628 3197 704 3246 esse
720 3183 858 3269 poetam
874 3171 1051 3269 speraret?
1067 3176 1180 3248 Cons-

142 3305 219 3397 tat
240 3317 321 3367 vero
343 3307 427 3392 quot
450 3306 584 3384 exstent
607 3297 644 3366 in
671 3296 823 3368 carmine
845 3296 893 3366 De
917 3297 1077 3368 cornaleto
1094 3316 1180 3394 per-

167 3439 332 3490 sonarum
352 3418 512 3504 nomina,
530 3417 675 3491 totidem
692 3417 793 3515 objici
809 3419 1002 3492 conciones.

192 3607 196 3614 .
217 3543 348 3612 Rursus
362 3541 467 3613 etiam
483 3539 711 3614 concedamus
724 3541 799 3612 lieri
811 3564 933 3636 posse,
948 3551 987 3613 ut
995 3539 1182 3639 jactatione

168 3664 327 3761 quamvis
362 3663 532 3760 putidus,
563 3674 598 3736 et
630 3662 791 3760 superbia
820 3673 980 3748 tumens,
1012 3665 1181 3759 poeticam

169 3784 264 3859 haud
282 3785 461 3859 infeliciter
473 3809 643 3859 exerceas.
659 3786 774 3869 Quum
784 3795 914 3870 autem,
927 3785 1019 3882 quod
1031 3788 1181 3882 poemati

169 3908 342 4006 praecipuo
367 3908 451 3982 vitio
477 3919 674 3995 vertemus,
700 3907 824 3982 illude
851 3909 960 3980 nimia
984 3911 1038 3982 sui
1059 3910 1181 3982 existi-
1227 3887 1228 3896 ἵ

171 4029 322 4112 matione
348 4031 565 4130 ¹manifestius
589 4031 777 4115 effluxerit,
805 4053 879 4104 cur·
894 4029 1045 4104 indolem
1069 4031 1180 4128 ipsam
