2966 4776
695 341 856 400 -88—

318 476 451 546 Nomen
466 475 571 545 ctiam
590 475 730 546 Homeri
747 476 917 570 reperitur
933 475 970 544 in
984 474 1050 546 hoe
1067 473 1166 545 loco:
1193 500 1209 540 ‹
1228 474 1283 545 Vi-

269 597 361 672 disse
381 624 418 671 se
423 652 496 671 .....
515 599 773 696 feminamque
793 625 830 673 se
849 601 989 672 nomine
1006 599 1204 696 appellans,
1226 599 1287 672 di-
1353 641 1358 654 ·

269 734 361 796 aeret
372 724 592 796 Homericum
608 723 794 819 quemdam
808 722 977 823 ejusmodi
989 747 1151 795 versum:

349 917 450 978 Tertia
460 920 491 978 te
503 916 622 978 Phthiae
632 921 795 997 tempestas
806 917 876 979 laeta
886 917 995 978 locabit
1009 915 1061 999 (1).
1075 936 1093 976 »

318 1102 395 1173 Non
424 1099 573 1172 absimili
602 1101 734 1172 ratione
766 1101 966 1172 Ciceronem
991 1100 1028 1172 in
1055 1100 1110 1173 his
1140 1109 1292 1196 quatuor

270 1225 494 1321 interpretem
522 1223 753 1309 arbitramur,
781 1224 874 1320 quod
893 1226 943 1296 ita
965 1224 1128 1320 praefatur
1157 1249 1166 1297 :
1199 1219 1216 1292 r
1244 1224 1290 1296 Ut

270 1348 363 1445 apud
385 1351 574 1421 Homerum
592 1347 800 1445 quotidianas
819 1373 921 1421 ncces
942 1349 1171 1444 interitusque
1193 1347 1292 1420 mul-

271 1482 387 1544 torum
405 1471 619 1544 sedationem
635 1472 804 1544 moerendi
821 1474 992 1559 afferunt,
1013 1471 1106 1570 apud
1119 1497 1224 1570 quern
1241 1472 1292 1544 ita

270 1595 425 1668 dicitur:

285 1851 288 1860 ⁴
350 1769 489 1846 Namque
504 1770 593 1866 nimis
607 1771 735 1844 multos,
753 1775 843 1849 atque
855 1773 937 1832 omni
950 1771 1019 1834 luce
1032 1774 1172 1836 cadentes

355 1875 530 1952 CernimuS,
547 1885 582 1940 ut
597 1899 685 1942 nemo
704 1883 796 1960 possit
809 1901 938 1944 moerore
954 1902 1074 1957 vacare,

349 1984 418 2062 Quo
431 1990 526 2062 magis
542 1994 585 2054 est
602 2009 725 2068 aequum
735 1991 861 2052 tumulis
876 1991 1021 2091 mandare
1034 1995 1209 2072 peremptos

354 2094 455 2158 Firmo
472 2100 592 2173 animo,
614 2104 646 2162 et
657 2101 774 2162 luctum
795 2101 926 2163 lacrimis
944 2101 1030 2164 finire
1045 2102 1159 2164 diurnis
1176 2099 1229 2184 (1).
1248 2125 1264 2156 ι

321 2277 385 2350 Hic
405 2271 546 2353 ‘incerta
575 2283 771 2354 criticorum
795 2283 925 2380 judicia
957 2283 1058 2355 nobis
1088 2282 1292 2355 nonnullam

273 2401 538 2477 admirationem
563 2407 734 2505 injiciunt.
764 2407 910 2479 Orellius
931 2418 965 2478 et
980 2406 1120 2494 Nobbe,
1139 2433 1215 2505 quae
1231 2433 1292 2480 re-

273 2526 433 2610 tulimus,
451 2529 520 2600 duo
547 2530 661 2624 prima
684 2541 820 2602 tantum
849 2531 1002 2603 Ciceroni
1029 2532 1230 2604 adscribunt
1257 2545 1293 2604 et

273 2649 476 2748 fragmentis
502 2653 752 2727 intermiscent.
783 2657 859 2740 Qua
885 2657 1087 2729 auctoritate
1105 2657 1202 2742 freti,
1225 2659 1293 2728 nisi

274 2774 447 2847 Ciceronis
460 2777 582 2872 ipsius,
603 2779 662 2874 qui
677 2803 746 2849 non
761 2779 997 2876 interpretem,
1017 2779 1078 2852 sed
1095 2781 1209 2876 ipsum
1226 2782 1293 2852 Ho-

275 2922 410 2971 merum
427 2899 582 2973 inducit?
599 2905 667 2974 Cur
684 2915 801 2975 autern
821 2903 943 2976 codem
961 2905 1158 2976 testimonio
1175 2897 1298 2976 fidon-¹

275 3034 350 3107 tes,
372 3047 442 3094 non
473 3026 548 3118 pari
577 3048 646 3119 qua
676 3026 882 3097 Wernsdorf
910 3027 1054 3099 audacia
1081 3027 1294 3122 procedunt?

275 3146 338 3216 Hic
361 3145 427 3218 sibi
447 3147 680 3231 constantior,
700 3172 836 3220 summo
850 3156 929 3248 jure
947 3162 982 3222 et
994 3150 1148 3249 judicio,
1177 3155 1296 3225 omnia

275 3291 351 3363 quae
377 3269 665 3354 memoravimus,
686 3272 826 3367 propria
844 3273 1017 3346 Ciceronis
1037 3277 1204 3373 agnoscit.
1230 3279 1293 3349 Cui

275 3393 452 3464 sententiae
480 3393 731 3492 suffragatum,
759 3395 852 3486 illius
881 3409 999 3468 tamen
1018 3423 1074 3471 me
1097 3401 1213 3498 piget,
1232 3403 1293 3497 qui

185 3555 193 3572 ·
275 3539 364 3602 non,
385 3517 474 3592 Aulo
489 3519 596 3592 Gellio
612 3531 720 3606 teste,
741 3545 815 3594 rem
835 3524 1007 3596 Ciceronis
1023 3527 1193 3624 poeticam
1211 3517 1294 3598 ma—

275 3640 327 3736 gis
351 3642 455 3712 etiam
480 3644 707 3740 ampliaverit.
720 3650 812 3720 ¹Haec
835 3649 928 3720 enim
948 3652 1129 3723 Homerica
1159 3662 1240 3724 sunt
1258 3663 1294 3724 et

276 3762 397 3835 eadem
416 3765 660 3842 Ciceroniana:

311 3983 347 4050 (l)
368 3983 405 4039 lle
417 3981 519 4050 dicta,
535 3988 560 4055 l,
573 3990 618 4044 25.
632 3989 682 4045 Ex.
695 3990 792 4061 Iliade,
806 3996 833 4063 9,
846 3995 912 4049 363.
998 3945 1002 3950 Ι

311 4081 347 4148 (a)
364 4080 484 4152 'rosect.‚
497 4083 515 4138 l.
531 4087 556 4150 a,
570 4087 614 4142 aa.
630 4087 675 4157 n,
692 4092 734 4158 rs,
750 4093 812 4150 aas.
