2954 4776
598 333 721 408 -roe
742 363 783 378 -

181 437 468 558 moetusque:

421 664 556 740 Accede,
572 668 680 740 gnate,
699 666 825 739 adsiste,
842 671 902 728 etc.

177 873 279 971 graeoi
301 873 452 971 vestigiis
475 874 658 960 insistens,
687 897 823 945 summa
843 874 877 945 vi
900 884 934 946 et
957 871 1044 957 fida,
1070 883 1104 946 et
1130 873 1196 946 ele-

177 999 295 1094 gantia
312 996 482 1092 quadam,
501 997 607 1070 verba
630 983 701 1070 fere
723 997 837 1070 verbis
862 997 1008 1071 reddere
1035 1010 1192 1071 conatur.

178 1121 213 1191 Si
237 1144 317 1192 vero
351 1132 512 1218 reputent
539 1145 618 1194 cum
644 1121 811 1218 Sophocle
841 1123 1039 1194 Ciceronem
1064 1121 1197 1194 colluc-

178 1247 268 1331 tari,
288 1269 391 1319 nemo
417 1249 548 1344 estqui
571 1272 640 1319 non
666 1247 765 1319 illum
790 1246 934 1318 feliciter
956 1247 1142 1319 audentem
1159 1249 1196 1319 in

176 1367 333 1442 hocloco
351 1345 507 1442 miretur.
529 1369 755 1444 Concedimus
775 1382 892 1442 autem
916 1372 953 1442 in
970 1369 1079 1442 altera
1097 1382 1197 1467 parta

176 1493 307 1566 abscidi
331 1494 501 1590 plurima,
521 1495 678 1567 contrahi
693 1495 853 1592 quadam
874 1505 908 1568 et
925 1497 1041 1567 omnia
1065 1494 1196 1567 debili-

176 1619 261 1702 tari‚
281 1621 437 1714 quamvis
456 1630 572 1692 tamen
594 1631 628 1691 et
643 1620 700 1693 hic
718 1619 884 1694 nonnulla
899 1631 1104 1693 remaneant
1120 1645 1197 1716 quae

177 1753 315 1838 poetam
332 1768 469 1840 quoque
487 1746 618 1841 spirare
633 1746 829 1818 videantur.

226 1868 422 1941 Secundum
435 1893 538 1965 quem
547 1870 764 1942 laudavimus
778 1869 906 1953 locum,
918 1895 988 1942 non
998 1876 1073 1968 jam
1083 1893 1196 1942 exem-

175 1987 265 2088 plari
283 2014 392 2088 graeco
411 1992 565 2065 conferre
582 1992 680 2077 licet,
700 2015 808 2088 quum
828 1995 920 2064 soluti
931 1993 1104 2062 Promethei
1113 2015 1196 2088 pau·

175 2115 322 2186 cissimae
343 2117 534 2214 surpersint
558 2115 732 2212 reliquias,
761 2117 851 2187 inter
876 2113 1041 2211 quasilla
1066 2113 1199 2187 deside-

175 2252 285 2327 ratur,
305 2267 381 2338 quae
407 2242 506 2315 nobis
524 2243 717 2315 necessaria
733 2242 834 2313 foret.
860 2241 907 2312 At
930 2242 1007 2337 ipsa
1024 2240 1197 2312 Ciceronis

175 2365 412 2462 interpretatio
444 2365 499 2438 vel
525 2365 679 2463 AEschyli
712 2364 930 2461 deperditum
964 2363 1199 2461 fragmentum

177 2488 337 2584 supplere
356 2500 482 2586 potest,
505 2490 715 2562 etvixfateri
732 2488 944 2573 dubitemus,
960 2488 997 2558 in
1007 2487 1199 2559 imitatione

177 2611 285 2686 latina
311 2616 490 2711 spiritum,
510 2617 643 2687 animos
661 2626 696 2686 et
711 2614 893 2688 audaciam
922 2615 1043 2712 tragici
1071 2615 1197 2688 veteris

177 2737 394 2834 aliquatenus
413 2739 553 2810 excitari
570 2749 604 2809 et
621 2727 755 2810 ardere.

228 2862 319 2947 lllic,
339 2864 413 2934 siue
436 2861 561 2947 dubio,
584 2861 738 2958 doctiora
754 2859 886 2958 Virgilii
906 2861 1060 2932 carmina
1077 2861 1199 2955 requi-

178 3010 298 3058 ramus
313 3043 322 3072 ‚
339 3011 485 3083 quorum
501 2985 625 3059 vividis
644 2985 833 3070 coloribus,
855 2986 1028 3081 variisque
1045 2984 1198 3056 numeris
1322 2975 1325 2981 ’

178 3122 213 3183 et
240 3114 410 3208 expressis
435 3110 644 3209 imaginibus
670 3135 726 3183 res
751 3112 827 3207 ipsa
850 3109 950 3182 nohis
977 3119 1057 3180 ante
1081 3105 1198 3179 oculos

177 3240 393 3335 proponitur.
424 3243 519 3311 Hanc
545 3239 677 3335 poesim
704 3262 783 3310 vere
814 3227 985 3335 picturam
1011 3233 1195 3306 habemus.

178 3365 311 3450 Quibus
339 3365 484 3437 tortasse
519 3363 679 3436 laudibus
717 3363 858 3435 inferior
889 3363 994 3435 enitet
1026 3359 1198 3432 Ciceronis

177 3491 343 3574 imitatio;
363 3499 398 3560 at
415 3488 600 3562 verborum
615 3489 649 3561 vi
669 3499 703 3560 et
719 3487 895 3584 pondere,
917 3496 950 3556 ct
968 3485 1042 3580 ipso
1059 3482 1198 3554 duriore

177 3615 386 3687 lineamento
415 3603 485 3686 non
520 3614 672 3685 alienum
699 3614 765 3685 hoc
799 3609 971 3684 horrendo
1003 3607 1198 3704 spectaculo

180 3741 330 3814 colorem
348 3738 493 3811 induxit.
517 3743 655 3835 ltaque,
686 3748 724 3810 ut
750 3736 794 3809 ad
818 3736 933 3831 spica,
962 3733 1011 3805 sic
1035 3743 1135 3830 aptus
1152 3731 1198 3804 ad

179 3867 310 3964 tragica
325 3887 445 3937 versus
463 3887 484 3934 a
501 3865 663 3937 Cicerone
681 3861 829 3934 nobilius
850 3859 972 3932 excudi
988 3858 1146 3943 videtum

261 4077 300 4140 Et
318 4079 418 4142 docuit
437 4097 643 4159 magnumque
657 4079 740 4158 loqui
755 4079 870 4156 nitique
885 4076 1045 4140 cothurno.
