2954 4776
689 321 872 385 -lte-

720 453 860 534 Sisyphn'
877 461 976 526 veram
993 533 994 537 Ἰ

353 559 487 634 Saxum,
503 559 615 622 sudans
628 560 768 636 nitendo,
786 579 885 640 nequa
899 561 1017 643 proficit
1030 563 1141 627 hilum.

241 747 243 750 ’
323 736 410 824 Sed,
437 738 544 811 invito
563 739 697 825 Nonio,
718 738 911 814 Tullianam
929 740 985 814 hic
998 766 1148 824 musam
1162 765 1296 841 agnos-

272 883 350 934 cere
376 883 447 931 non
470 883 667 956 possumus.
688 858 874 952 Auctorem
894 863 987 934 enim
1005 863 1133 936 omittit
1149 865 1291 950 Cicero,

273 1005 378 1079 quem
397 1004 467 1053 non
483 979 626 1052 laudare
643 983 833 1068 consuevit,
856 984 1128 1081 quotiescunque
1148 985 1295 1058 notissi-

273 1133 371 1181 mum
379 1106 509 1205 aliquid
521 1109 635 1181 affert.
646 1107 854 1204 Quanquam
868 1107 995 1182 horum
1003 1109 1189 1182 verborum
1205 1111 1293 1184 situs

273 1231 498 1303 vetustiorem
520 1229 709 1329 quamdam
730 1247 874 1302 manum
895 1230 1038 1331 detegit.
1059 1231 1158 1308 Unde
1176 1233 1295 1306 forsan

272 1357 311 1427 in
334 1355 564 1427 Ciceronianis
591 1378 660 1426 non
682 1361 793 1452 major
812 1353 998 1428 affirmanti
1023 1379 1128 1453 quam
1154 1358 1294 1456 neganti

272 1479 383 1551 Nonio
399 1476 487 1550 fides
504 1475 703 1549 adhibenda
722 1486 787 1548 est.

320 1606 448 1676 Versus
474 1600 645 1698 quosdam
675 1601 891 1686 omittimus,
921 1599 1047 1695 quihus
1070 1599 1240 1673 subdititii
1258 1603 1296 1671 de

271 1752 306 1798 re
321 1727 451 1797 militari
462 1721 622 1795 videlicet
638 1721 726 1795 etde
741 1725 944 1794 consolatione
958 1722 1038 1794 libri
1052 1723 1202 1796 releroiri
1217 1746 1295 1820 pos·

272 1859 367 1921 sunt.
402 1847 567 1932 Quamvis
582 1925 583 1928 Ἴ
597 1847 689 1918 enim
720 1857 877 1918 auctores
904 1845 1097 1918 Tullianam
1116 1843 1294 1922 condendi

273 1997 396 2047 versus
421 1972 591 2044 rationem
618 1971 746 2043 imitari
773 1971 962 2056 studeant,
989 1972 1026 2042 in
1054 1971 1297 2042 commentitiis

272 2120 343 2168 non
360 2119 501 2192 operam
519 2093 711 2192 perdimus.
729 2092 937 2190 Exemplum
957 2104 1074 2165 tamen
1091 2094 1293 2180 alienamus,

273 2243 342 2315 quo
361 2216 494 2290 fraudis
514 2217 690 2290 solertiam
708 2215 871 2312 dispicias
889 2214 938 2312 (l)
959 2241 968 2288 :

356 2413 471 2488 Corde,
488 2431 560 2487 age,
577 2414 616 2473 sis
632 2411 736 2485 firmo,
753 2429 808 2472 nee
820 2414 852 2471 te
864 2411 1009 2471 submitte
1024 2410 1143 2486 dolori,

354 2521 493 2597 Namque
504 2517 617 2597 aliquid
630 2517 912 2598 graviuspejusque
925 2516 1087 2596 aliquando
1099 2517 1207 2580 tulisti.

260 2745 263 2752 ·
324 2700 501 2801 Sophoclis
529 2700 643 2775 adhuc
667 2699 901 2799 fragmentum
925 2709 960 2772 et
983 2696 1136 2796 AEschyli
1159 2696 1301 2770 brevius

277 2826 372 2901 aliud
388 2828 628 2925 seposuimus,
648 2850 726 2925 quae
743 2848 848 2923 supra
864 2825 1005 2924 majoris
1026 2820 1193 2896 momenti
1211 2845 1301 2894 con-

277 2952 452 3024 troversiae
468 2974 539 3023 non
554 2951 706 3021 inserere
722 2947 822 3019 nohis
837 2947 951 3018 visum
968 2957 1033 3018 est.
1054 2945 1109 3016 Sic
1128 2944 1165 3014 in
1182 2945 1301 3014 Tuscu·

280 3074 359 3143 lonis
378 3071 495 3142 Cicero
518 3094 528 3140 :
548 3096 564 3136 ‹
583 3071 671 3139 Tum
687 3064 910 3150 Cleanthem,
939 3089 1048 3161 quum
1065 3074 1194 3138 terram
1212 3061 1301 3164 pede

281 3192 527 3292 percussisset,
545 3213 686 3263 versum
704 3212 747 3261 ex
762 3189 914 3281 Epiqonis
931 3186 1059 3260 dixisse
1080 3188 1128 3286 (2)
1148 3216 1157 3263 :

366 3393 500 3455 Audisna
512 3391 590 3464 hac,
606 3387 802 3469 Amphiarae,
817 3387 873 3450 snb
886 3390 999 3448 terram
1014 3387 1135 3452 abdite?

334 3576 406 3646 Hoc
440 3545 556 3647 autem
589 3571 819 3670 Sophocleum
855 3568 1031 3644 attendere
1060 3571 1171 3670 magis
1204 3571 1300 3642 inte-

285 3711 358 3771 rest
382 3698 429 3796 (3)
452 3724 461 3771 :

321 3897 358 3965 (p
373 3890 538 3950 Consolatio.

320 3989 357 4059 (ἲ)
373 3984 492 4058 annot,
506 3988 534 4057 2,
546 3988 595 4055 253
610 3985 736 4056 Boissom
753 3986 896 4058 Apospas,
909 3983 1037 4056 epaon,
1052 3985 1079 4042 2.

324 4085 359 4154 (3)
377 4079 493 4152 Terent,
510 4085 536 4152 3,
551 4083 596 4138 29.

420 4443 1177 4722 *verm
