2954 4776
707 295 890 356 ..128-

335 430 417 507 Ata
429 439 613 526 poetarum
626 439 751 500 natura
764 453 834 501 non
847 451 990 525 prorsus
1005 427 1182 516 abhorret,
1199 455 1310 527 quam

289 555 344 628 bis
371 557 446 652 ipse
461 555 575 627 verbis
595 555 774 651 expingit:
798 554 953 627 «Adhuc
969 557 1140 627 neminem
1162 559 1311 656 cognovi

287 692 472 778 poetam...
495 679 553 775 qui
574 677 639 750 sibi
656 702 726 750 non
745 678 896 774 optimus
912 676 1089 750 videretur
1109 679 1205 777 (1).»
1229 681 1312 753 Pro-

288 815 387 902 perat
398 804 491 876 enim
499 803 600 875 fateri
618 827 682 874 ‹se
692 804 837 876 vertisse
847 801 958 874 multa
971 801 1014 874 de
1024 805 1163 890 Graeois,
1180 787 1226 876 ne
1240 786 1311 902 quo

287 939 517 1014 ornamento,
543 929 580 1000 in
609 928 675 1002 hoe
712 951 838 1026 genere
874 926 1145 1025 disputationis,
1177 941 1312 1002 careret

288 1054 397 1127 latina
413 1054 536 1126 oratio.
553 1082 569 1122 a

337 1182 416 1252 Hae
429 1178 474 1251 de
487 1179 680 1264 conversim
695 1176 740 1249 de
752 1178 901 1273 propriis
913 1177 1189 1275 magnificentius
1204 1179 1311 1250 etiarn

266 1285 268 1289 ⁸
289 1301 347 1374 ille
367 1302 497 1374 sentit:
523 1301 761 1372 «electurum
777 1323 853 1371 esse
871 1299 947 1383 tibi,
965 1301 1028 1386 ait,
1044 1300 1172 1373 librum
1191 1327 1311 1374 meum

290 1427 511 1524 suspirabam
532 1437 603 1498 tam
619 1425 720 1499 valde
739 1425 908 1522 placuisse
925 1451 1030 1522 quam
1049 1426 1191 1514 scribis,
1210 1427 1313 1502 valde

289 1550 425 1650 gaudeo
449 1551 549 1648 (2)st

340 1675 497 1748 Scavolae
514 1671 629 1745 verbis
645 1669 821 1744 hariolans
842 1671 891 1770 (3)
907 1697 916 1744 :

474 1870 617 1934 Caneseet
633 1873 717 1933 seclis
730 1871 1013 1946 innumerabilibus,

293 2055 590 2128 immortalitatem
618 2057 779 2130 llarianae
808 2057 950 2153 quercui
976 2046 1196 2142 vaticinatur,
1227 2057 1319 2152 quin
1456 2140 1457 2147 χ

293 2175 368 2276 ips'e
382 2203 505 2276 poema
525 2181 569 2249 De
583 2185 766 2272 temporibus
780 2184 842 2250 suis
854 2180 976 2253 eadem
991 2203 1052 2276 spe
1069 2181 1315 2277 prosequitur:

297 2306 417 2376 «Sunt
440 2305 532 2376 enim
556 2314 661 2375 testes
682 2303 777 2401 (tres
795 2303 921 2400 libri),
941 2315 976 2376 et
994 2315 1095 2375 erunt
1113 2306 1318 2400 sempiterni

295 2429 501 2500 meritorum
519 2451 601 2524 erga
620 2437 855 2511 memorum,
876 2450 1029 2523 meaque
1045 2429 1183 2524 pietatis
1206 2428 1274 2528 (11).
1293 2457 1311 2498 s

294 2554 345 2622 De
363 2551 505 2623 Caesaris
523 2549 665 2622 tandem
680 2547 896 2645 expeditione
914 2551 962 2622 sio
979 2549 1023 2622 ad
1040 2551 1182 2622 fratrem
1200 2551 1317 2635 Quin-

296 2685 372 2747 tum
386 2673 504 2746 soribit
520 2697 529 2745 :
547 2701 563 2742 a
578 2673 677 2759 Quod
691 2697 747 2746 me
760 2673 923 2759 hortaris,
935 2685 976 2747 ut
986 2674 1162 2748 absolvam
1178 2699 1188 2746 :
1202 2661 1318 2750 habeo

297 2799 493 2874 absolutum
513 2823 640 2885 suave,
658 2801 746 2873 mihi
768 2801 910 2898 quidem
929 2803 980 2873 uti
999 2800 1148 2887 videtur,
1170 2825 1252 2899 epos
1271 2803 1318 2876 ad

297 2926 467 2997 Caesarem
488 2923 554 3021 (5)
576 2951 591 2991 s

347 3046 512 3130 Quamvis
529 3048 667 3143 igitura
683 3071 719 3118 se
732 3048 905 3118 conversis
923 3050 1038 3121 Cicero
1053 3046 1215 3144 plaudat,
1235 3073 1316 3146 pro·

298 3164 375 3268 pria
396 3180 514 3241 tamen
542 3175 674 3266 majore
697 3167 812 3242 studio
838 3169 930 3242 fovet
954 3181 989 3242 et
1010 3195 1136 3268 parens
1159 3172 1318 3268 amplae-

299 3296 396 3368 titur.
441 3331 444 3336 ·

347 3404 536 3491 Indiseieta
547 3415 719 3489 Ciceronis
732 3418 887 3491 earmina
897 3417 1081 3503 mirantes,
1095 3417 1193 3490 illum
1205 3419 1317 3516 poetis

337 3687 374 3758 (l)
395 3687 520 3758 lisseol„
537 3687 555 3744 Ι.
570 3691 602 3758 5,
617 3689 663 3746 22.

338 3783 375 3852 (2)
394 3781 585 3851 Ariouistum,
600 3782 619 3840 l.
635 3785 666 3854 2,
682 3786 709 3838 9.

339 3881 376 3950 (3)
395 3880 432 3936 De
447 3877 564 3952 lapibus,
581 3883 611 3949 l,
629 3882 653 3936 l.

341 3979 377 4049 (t)
397 3977 486 4050 Epist.
503 3977 537 4032 ad
552 3975 653 4042 famil„
668 3976 687 4034 1.
705 3982 734 4048 t,
749 3980 776 4034 9.

341 4071 377 4144 (5)
396 4071 436 4129 ld
449 4068 588 4140 Quintum,
604 4069 622 4126 l.
640 4073 670 4139 ³,
685 4072 711 4125 9.

581 4314 1222 4732 as*
