<?xml version="1.0" encoding="UTF-8"?>
<!DOCTYPE html PUBLIC "-//W3C//DTD XHTML 1.0 Transitional//EN"
    "http://www.w3.org/TR/xhtml1/DTD/xhtml1-transitional.dtd">
<html xmlns="http://www.w3.org/1999/xhtml" xml:lang="en" lang="en">
 <head>
  <title>
</title>
<meta http-equiv="Content-Type" content="text/html;charset=utf-8" />
  <meta name='ocr-system' content='tesseract 3.04.00' />
  <meta name='ocr-capabilities' content='ocr_page ocr_carea ocr_par ocr_line ocrx_word'/>
</head>
<body>
  <div class='ocr_page' id='page_1' title='image "./depoeticamtulli00fagugoog_0033.png"; bbox 0 0 2994 4774; ppageno 0'>
   <div class='ocr_carea' id='block_1_1' title="bbox 312 269 1329 2490">
    <p class='ocr_par' dir='ltr' id='par_1_1' title="bbox 318 269 1328 598">
     <span class='ocr_line' id='line_1_1' title="bbox 742 269 904 329; baseline 0 -13"><span class='ocrx_word' id='word_1_1' title='bbox 742 301 781 316; x_wconf 91' lang='grc'>..</span> <span class='ocrx_word' id='word_1_2' title='bbox 803 269 843 329; x_wconf 72' lang='lat' dir='ltr'>ec</span> <span class='ocrx_word' id='word_1_3' title='bbox 864 299 904 316; x_wconf 92' lang='grc'>...</span> 
     </span>
     <span class='ocr_line' id='line_1_2' title="bbox 320 398 1328 497; baseline 0 -25"><span class='ocrx_word' id='word_1_4' title='bbox 320 399 364 472; x_wconf 89' lang='lat' dir='ltr'>do</span> <span class='ocrx_word' id='word_1_5' title='bbox 388 400 627 497; x_wconf 74' lang='lat' dir='ltr'>praepositione</span> <span class='ocrx_word' id='word_1_6' title='bbox 645 425 654 473; x_wconf 70' lang='grc' dir='ltr'><em>τ</em></span> <span class='ocrx_word' id='word_1_7' title='bbox 679 427 694 468; x_wconf 84' lang='lat'>‹</span> <span class='ocrx_word' id='word_1_8' title='bbox 716 399 911 474; x_wconf 86' lang='lat' dir='ltr'>Adversum</span> <span class='ocrx_word' id='word_1_9' title='bbox 927 398 1020 497; x_wconf 89' lang='lat' dir='ltr'>leges</span> <span class='ocrx_word' id='word_1_10' title='bbox 1039 421 1222 496; x_wconf 86' lang='lat' dir='ltr'>moresque</span> <span class='ocrx_word' id='word_1_11' title='bbox 1247 423 1328 472; x_wconf 89' lang='lat' dir='ltr'>ma-</span> 
     </span>
     <span class='ocr_line' id='line_1_3' title="bbox 318 522 444 598; baseline 0.032 -4"><span class='ocrx_word' id='word_1_12' title='bbox 318 522 444 598; x_wconf 88' lang='lat' dir='ltr'>lorum.</span> 
     </span>
    </p>

    <p class='ocr_par' dir='ltr' id='par_1_2' title="bbox 315 645 1329 1367">
     <span class='ocr_line' id='line_1_4' title="bbox 367 645 1325 744; baseline -0.004 -24"><span class='ocrx_word' id='word_1_13' title='bbox 367 649 499 720; x_wconf 83' lang='lat' dir='ltr'>Minora</span> <span class='ocrx_word' id='word_1_14' title='bbox 513 657 661 744; x_wconf 89' lang='lat' dir='ltr'>quatuor</span> <span class='ocrx_word' id='word_1_15' title='bbox 681 672 690 719; x_wconf 92' lang='lat'>:</span> <span class='ocrx_word' id='word_1_16' title='bbox 709 648 865 718; x_wconf 79' lang='lat' dir='ltr'>loculoris</span> <span class='ocrx_word' id='word_1_17' title='bbox 883 648 1017 730; x_wconf 78' lang='lat' dir='ltr'>libellus,</span> <span class='ocrx_word' id='word_1_18' title='bbox 1042 646 1195 725; x_wconf 65' lang='lat' dir='ltr'>Uaccius,</span> <span class='ocrx_word' id='word_1_19' title='bbox 1210 645 1325 730; x_wconf 83' lang='lat' dir='ltr'>Nilus,</span> 
     </span>
     <span class='ocr_line' id='line_1_5' title="bbox 320 769 1329 872; baseline -0.001 -29"><span class='ocrx_word' id='word_1_20' title='bbox 320 783 355 844; x_wconf 90' lang='lat' dir='ltr'>et</span> <span class='ocrx_word' id='word_1_21' title='bbox 364 773 513 844; x_wconf 89' lang='lat' dir='ltr'>nominis</span> <span class='ocrx_word' id='word_1_22' title='bbox 530 773 635 845; x_wconf 85' lang='lat' dir='ltr'>otiam</span> <span class='ocrx_word' id='word_1_23' title='bbox 651 773 772 846; x_wconf 80' lang='lat' dir='ltr'>incerti</span> <span class='ocrx_word' id='word_1_24' title='bbox 788 796 913 872; x_wconf 90' lang='lat' dir='ltr'>poema</span> <span class='ocrx_word' id='word_1_25' title='bbox 931 769 1121 869; x_wconf 79' lang='lat' dir='ltr'><strong>quoddam,</strong></span> <span class='ocrx_word' id='word_1_26' title='bbox 1140 770 1257 868; x_wconf 84' lang='lat' dir='ltr'>aliqua</span> <span class='ocrx_word' id='word_1_27' title='bbox 1270 772 1329 845; x_wconf 81' lang='lat' dir='ltr'>vix</span> 
     </span>
     <span class='ocr_line' id='line_1_6' title="bbox 318 897 1326 996; baseline 0 -28"><span class='ocrx_word' id='word_1_28' title='bbox 318 899 484 970; x_wconf 91' lang='lat' dir='ltr'>memoria</span> <span class='ocrx_word' id='word_1_29' title='bbox 507 897 613 996; x_wconf 88' lang='lat' dir='ltr'>digna</span> <span class='ocrx_word' id='word_1_30' title='bbox 628 898 807 985; x_wconf 89' lang='lat' dir='ltr'>videntur;</span> <span class='ocrx_word' id='word_1_31' title='bbox 839 909 963 972; x_wconf 80' lang='lat' dir='ltr'>caetera</span> <span class='ocrx_word' id='word_1_32' title='bbox 984 923 994 970; x_wconf 73' lang='grc' dir='ltr'><strong>ι</strong></span> <span class='ocrx_word' id='word_1_33' title='bbox 1018 899 1150 968; x_wconf 80' lang='lat' dir='ltr'>Pontius</span> <span class='ocrx_word' id='word_1_34' title='bbox 1169 897 1326 982; x_wconf 78' lang='lat' dir='ltr'>Glaucus,</span> 
     </span>
     <span class='ocr_line' id='line_1_7' title="bbox 317 1021 1324 1117; baseline 0 -25"><span class='ocrx_word' id='word_1_35' title='bbox 317 1023 458 1106; x_wconf 78' lang='lat' dir='ltr'>Ls&#39;moa,</span> <span class='ocrx_word' id='word_1_36' title='bbox 497 1024 671 1116; x_wconf 75' lang='lat' dir='ltr'><em>Alcyones,</em></span> <span class='ocrx_word' id='word_1_37' title='bbox 710 1025 821 1115; x_wconf 68' lang='lat' dir='ltr'>Elegio</span> <span class='ocrx_word' id='word_1_38' title='bbox 860 1024 1068 1106; x_wconf 84' lang='lat' dir='ltr'>Tomclostis,</span> <span class='ocrx_word' id='word_1_39' title='bbox 1102 1021 1140 1092; x_wconf 91' lang='lat' dir='ltr'>in</span> <span class='ocrx_word' id='word_1_40' title='bbox 1171 1043 1324 1117; x_wconf 85' lang='lat' dir='ltr'>praesens</span> 
     </span>
     <span class='ocr_line' id='line_1_8' title="bbox 316 1144 1329 1242; baseline 0.002 -26"><span class='ocrx_word' id='word_1_41' title='bbox 316 1144 456 1231; x_wconf 89' lang='lat' dir='ltr'>omissa,</span> <span class='ocrx_word' id='word_1_42' title='bbox 483 1169 592 1242; x_wconf 89' lang='lat' dir='ltr'>quum</span> <span class='ocrx_word' id='word_1_43' title='bbox 610 1147 782 1220; x_wconf 79' lang='lat' dir='ltr'>Ciceronis</span> <span class='ocrx_word' id='word_1_44' title='bbox 806 1147 1047 1219; x_wconf 78' lang='lat' dir='ltr'>translationes</span> <span class='ocrx_word' id='word_1_45' title='bbox 1070 1155 1105 1217; x_wconf 91' lang='lat' dir='ltr'>et</span> <span class='ocrx_word' id='word_1_46' title='bbox 1120 1145 1329 1218; x_wconf 80' lang='lat' dir='ltr'>imitationes</span> 
     </span>
     <span class='ocr_line' id='line_1_9' title="bbox 315 1268 1226 1367; baseline -0.002 -25"><span class='ocrx_word' id='word_1_47' title='bbox 315 1268 526 1367; x_wconf 89' lang='lat' dir='ltr'>relegemus,</span> <span class='ocrx_word' id='word_1_48' title='bbox 547 1271 584 1342; x_wconf 93' lang='lat' dir='ltr'>in</span> <span class='ocrx_word' id='word_1_49' title='bbox 602 1271 755 1344; x_wconf 89' lang='lat' dir='ltr'>medium</span> <span class='ocrx_word' id='word_1_50' title='bbox 780 1295 901 1344; x_wconf 90' lang='lat' dir='ltr'>rursus</span> <span class='ocrx_word' id='word_1_51' title='bbox 919 1269 1034 1344; x_wconf 78' lang='lat' dir='ltr'>afferri</span> <span class='ocrx_word' id='word_1_52' title='bbox 1051 1278 1226 1367; x_wconf 81' lang='lat' dir='ltr'>poterunt.</span> 
     </span>
    </p>

    <p class='ocr_par' dir='ltr' id='par_1_3' title="bbox 312 1391 1329 2490">
     <span class='ocr_line' id='line_1_10' title="bbox 362 1391 1329 1492; baseline -0.003 -26"><span class='ocrx_word' id='word_1_53' title='bbox 362 1395 415 1466; x_wconf 83' lang='lat' dir='ltr'>Ex</span> <span class='ocrx_word' id='word_1_54' title='bbox 430 1393 498 1466; x_wconf 88' lang='lat' dir='ltr'>illis</span> <span class='ocrx_word' id='word_1_55' title='bbox 517 1396 622 1468; x_wconf 88' lang='lat' dir='ltr'>etiam</span> <span class='ocrx_word' id='word_1_56' title='bbox 635 1405 783 1491; x_wconf 88' lang='lat' dir='ltr'>quatuor</span> <span class='ocrx_word' id='word_1_57' title='bbox 796 1419 873 1492; x_wconf 84' lang='lat' dir='ltr'>quae</span> <span class='ocrx_word' id='word_1_58' title='bbox 886 1393 985 1467; x_wconf 90' lang='lat' dir='ltr'>nobis</span> <span class='ocrx_word' id='word_1_59' title='bbox 1003 1391 1254 1466; x_wconf 88' lang='lat' dir='ltr'>consideranda</span> <span class='ocrx_word' id='word_1_60' title='bbox 1268 1415 1329 1464; x_wconf 91' lang='lat' dir='ltr'>se-</span> 
     </span>
     <span class='ocr_line' id='line_1_11' title="bbox 314 1518 1329 1617; baseline -0.001 -26"><span class='ocrx_word' id='word_1_61' title='bbox 314 1531 504 1616; x_wconf 91' lang='lat' dir='ltr'>ponuntur,</span> <span class='ocrx_word' id='word_1_62' title='bbox 526 1519 595 1592; x_wconf 90' lang='lat' dir='ltr'>duo</span> <span class='ocrx_word' id='word_1_63' title='bbox 611 1520 692 1593; x_wconf 86' lang='lat' dir='ltr'>licet</span> <span class='ocrx_word' id='word_1_64' title='bbox 707 1520 856 1606; x_wconf 83' lang='lat' dir='ltr'>auferas,</span> <span class='ocrx_word' id='word_1_65' title='bbox 878 1545 986 1617; x_wconf 91' lang='lat' dir='ltr'>quum</span> <span class='ocrx_word' id='word_1_66' title='bbox 1002 1518 1116 1616; x_wconf 89' lang='lat' dir='ltr'>operis</span> <span class='ocrx_word' id='word_1_67' title='bbox 1130 1541 1152 1590; x_wconf 89' lang='lat' dir='ltr'>a</span> <span class='ocrx_word' id='word_1_68' title='bbox 1167 1519 1329 1591; x_wconf 82' lang='lat' dir='ltr'>Cicerone</span> 
     </span>
     <span class='ocr_line' id='line_1_12' title="bbox 313 1642 1322 1741; baseline 0 -27"><span class='ocrx_word' id='word_1_69' title='bbox 313 1642 455 1738; x_wconf 90' lang='lat' dir='ltr'>quidem</span> <span class='ocrx_word' id='word_1_70' title='bbox 477 1643 640 1729; x_wconf 87' lang='lat' dir='ltr'>absoluti,</span> <span class='ocrx_word' id='word_1_71' title='bbox 667 1643 763 1717; x_wconf 90' lang='lat' dir='ltr'>nullo</span> <span class='ocrx_word' id='word_1_72' title='bbox 780 1656 898 1717; x_wconf 88' lang='lat' dir='ltr'>temen</span> <span class='ocrx_word' id='word_1_73' title='bbox 915 1655 1100 1740; x_wconf 85' lang='lat' dir='ltr'>superante</span> <span class='ocrx_word' id='word_1_74' title='bbox 1115 1643 1322 1741; x_wconf 76' lang='lat' dir='ltr'>fragmento,</span> 
     </span>
     <span class='ocr_line' id='line_1_13' title="bbox 313 1766 1328 1866; baseline -0.003 -27"><span class='ocrx_word' id='word_1_75' title='bbox 313 1766 357 1839; x_wconf 88' lang='lat' dir='ltr'>de</span> <span class='ocrx_word' id='word_1_76' title='bbox 374 1769 517 1840; x_wconf 78' lang='lat' dir='ltr'>Caesaris</span> <span class='ocrx_word' id='word_1_77' title='bbox 539 1768 754 1864; x_wconf 83' lang='lat' dir='ltr'>expeditione</span> <span class='ocrx_word' id='word_1_78' title='bbox 779 1791 919 1842; x_wconf 90' lang='lat' dir='ltr'>carmen</span> <span class='ocrx_word' id='word_1_79' title='bbox 937 1767 1179 1866; x_wconf 84' lang='lat' dir='ltr'>intelligimus,</span> <span class='ocrx_word' id='word_1_80' title='bbox 1208 1766 1328 1838; x_wconf 88' lang='lat' dir='ltr'>consi-</span> 
     </span>
     <span class='ocr_line' id='line_1_14' title="bbox 312 1891 1327 1994; baseline -0.002 -30"><span class='ocrx_word' id='word_1_81' title='bbox 312 1891 398 1965; x_wconf 88' lang='lat' dir='ltr'>lium</span> <span class='ocrx_word' id='word_1_82' title='bbox 413 1905 449 1965; x_wconf 88' lang='lat' dir='ltr'>et</span> <span class='ocrx_word' id='word_1_83' title='bbox 464 1894 617 1992; x_wconf 90' lang='lat' dir='ltr'>fingendi</span> <span class='ocrx_word' id='word_1_84' title='bbox 640 1896 809 1968; x_wconf 89' lang='lat' dir='ltr'>rationem</span> <span class='ocrx_word' id='word_1_85' title='bbox 828 1902 1025 1994; x_wconf 86' lang='lat' dir='ltr'>conjectura</span> <span class='ocrx_word' id='word_1_86' title='bbox 1042 1892 1218 1990; x_wconf 87' lang='lat' dir='ltr'>prosequi,</span> <span class='ocrx_word' id='word_1_87' title='bbox 1233 1915 1327 1964; x_wconf 86' lang='lat' dir='ltr'>non-</span> 
     </span>
     <span class='ocr_line' id='line_1_15' title="bbox 312 2013 1327 2118; baseline -0.002 -29"><span class='ocrx_word' id='word_1_88' title='bbox 312 2017 441 2091; x_wconf 89' lang='lat' dir='ltr'>nullius</span> <span class='ocrx_word' id='word_1_89' title='bbox 455 2019 539 2092; x_wconf 81' lang='lat' dir='ltr'>aleae</span> <span class='ocrx_word' id='word_1_90' title='bbox 554 2032 588 2093; x_wconf 91' lang='lat' dir='ltr'>et</span> <span class='ocrx_word' id='word_1_91' title='bbox 605 2019 769 2094; x_wconf 88' lang='lat' dir='ltr'>audacius</span> <span class='ocrx_word' id='word_1_92' title='bbox 784 2019 887 2118; x_wconf 89' lang='lat' dir='ltr'>paulo</span> <span class='ocrx_word' id='word_1_93' title='bbox 904 2020 1092 2092; x_wconf 84' lang='lat' dir='ltr'>videretur.</span> <span class='ocrx_word' id='word_1_94' title='bbox 1112 2013 1212 2102; x_wconf 88' lang='lat' dir='ltr'>Quod</span> <span class='ocrx_word' id='word_1_95' title='bbox 1222 2017 1327 2088; x_wconf 89' lang='lat' dir='ltr'>etiarn</span> 
     </span>
     <span class='ocr_line' id='line_1_16' title="bbox 312 2142 1326 2240; baseline -0.002 -25"><span class='ocrx_word' id='word_1_96' title='bbox 312 2142 357 2215; x_wconf 83' lang='lat' dir='ltr'>ad</span> <span class='ocrx_word' id='word_1_97' title='bbox 368 2145 533 2230; x_wconf 83' lang='lat' dir='ltr'>Marium,</span> <span class='ocrx_word' id='word_1_98' title='bbox 554 2145 694 2219; x_wconf 89' lang='lat' dir='ltr'>omnino</span> <span class='ocrx_word' id='word_1_99' title='bbox 710 2145 781 2218; x_wconf 89' lang='lat' dir='ltr'>fere</span> <span class='ocrx_word' id='word_1_100' title='bbox 800 2143 1053 2229; x_wconf 89' lang='lat' dir='ltr'>desideratum,</span> <span class='ocrx_word' id='word_1_101' title='bbox 1075 2143 1211 2214; x_wconf 86' lang='lat' dir='ltr'>attinet.</span> <span class='ocrx_word' id='word_1_102' title='bbox 1233 2143 1326 2240; x_wconf 85' lang='lat' dir='ltr'>Ergo</span> 
     </span>
     <span class='ocr_line' id='line_1_17' title="bbox 312 2267 1326 2366; baseline 0 -28"><span class='ocrx_word' id='word_1_103' title='bbox 312 2267 454 2340; x_wconf 89' lang='lat' dir='ltr'>sileatur</span> <span class='ocrx_word' id='word_1_104' title='bbox 470 2279 669 2366; x_wconf 90' lang='lat' dir='ltr'>utrumque,</span> <span class='ocrx_word' id='word_1_105' title='bbox 683 2293 792 2365; x_wconf 90' lang='lat' dir='ltr'>quum</span> <span class='ocrx_word' id='word_1_106' title='bbox 807 2267 907 2340; x_wconf 88' lang='lat' dir='ltr'>nobis</span> <span class='ocrx_word' id='word_1_107' title='bbox 916 2291 1009 2339; x_wconf 91' lang='lat' dir='ltr'>nunc</span> <span class='ocrx_word' id='word_1_108' title='bbox 1024 2269 1062 2338; x_wconf 92' lang='lat' dir='ltr'>in</span> <span class='ocrx_word' id='word_1_109' title='bbox 1079 2268 1195 2339; x_wconf 87' lang='lat' dir='ltr'>animo</span> <span class='ocrx_word' id='word_1_110' title='bbox 1208 2268 1253 2338; x_wconf 91' lang='lat' dir='ltr'>sit</span> <span class='ocrx_word' id='word_1_111' title='bbox 1264 2267 1326 2338; x_wconf 92' lang='lat' dir='ltr'>in-</span> 
     </span>
     <span class='ocr_line' id='line_1_18' title="bbox 312 2389 1326 2490; baseline -0.001 -28"><span class='ocrx_word' id='word_1_112' title='bbox 312 2391 435 2462; x_wconf 86' lang='lat' dir='ltr'>timam</span> <span class='ocrx_word' id='word_1_113' title='bbox 462 2393 591 2490; x_wconf 88' lang='lat' dir='ltr'>ingenii</span> <span class='ocrx_word' id='word_1_114' title='bbox 618 2393 742 2489; x_wconf 89' lang='lat' dir='ltr'>poetici</span> <span class='ocrx_word' id='word_1_115' title='bbox 765 2402 926 2464; x_wconf 87' lang='lat' dir='ltr'>naturam</span> <span class='ocrx_word' id='word_1_116' title='bbox 942 2391 1034 2489; x_wconf 90' lang='lat' dir='ltr'>apud</span> <span class='ocrx_word' id='word_1_117' title='bbox 1052 2392 1250 2466; x_wconf 86' lang='lat' dir='ltr'>Ciceronem</span> <span class='ocrx_word' id='word_1_118' title='bbox 1265 2389 1326 2462; x_wconf 90' lang='lat' dir='ltr'>in-</span> 
     </span>
    </p>
   </div>
   <div class='ocr_carea' id='block_1_2' title="bbox 185 2515 414 2594">
    <p class='ocr_par' dir='ltr' id='par_1_4' title="bbox 185 2515 414 2594">
     <span class='ocr_line' id='line_1_19' title="bbox 185 2515 414 2594; baseline 0.004 -8"><span class='ocrx_word' id='word_1_119' title='bbox 185 2585 189 2594; x_wconf 88' lang='grc'>,</span> <span class='ocrx_word' id='word_1_120' title='bbox 311 2515 414 2587; x_wconf 75' lang='lat' dir='ltr'>meri.</span> 
     </span>
    </p>
   </div>
   <div class='ocr_carea' id='block_1_3' title="bbox 305 2636 1325 3852">
    <p class='ocr_par' dir='ltr' id='par_1_5' title="bbox 305 2636 1325 3852">
     <span class='ocr_line' id='line_1_20' title="bbox 359 2636 1325 2734; baseline -0.001 -26"><span class='ocrx_word' id='word_1_121' title='bbox 359 2636 590 2734; x_wconf 86' lang='lat' dir='ltr'>Aggredimur</span> <span class='ocrx_word' id='word_1_122' title='bbox 608 2641 654 2710; x_wconf 88' lang='lat' dir='ltr'>De</span> <span class='ocrx_word' id='word_1_123' title='bbox 674 2643 834 2712; x_wconf 81' lang='lat' dir='ltr'>consulate</span> <span class='ocrx_word' id='word_1_124' title='bbox 855 2651 889 2712; x_wconf 93' lang='lat' dir='ltr'>et</span> <span class='ocrx_word' id='word_1_125' title='bbox 914 2642 963 2711; x_wconf 84' lang='lat' dir='ltr'>Dc</span> <span class='ocrx_word' id='word_1_126' title='bbox 976 2641 1158 2731; x_wconf 68' lang='lat' dir='ltr'>amponius</span> <span class='ocrx_word' id='word_1_127' title='bbox 1174 2639 1236 2708; x_wconf 72' lang='lat' dir='ltr'>aurs</span> <span class='ocrx_word' id='word_1_128' title='bbox 1252 2657 1325 2708; x_wconf 83' lang='lat' dir='ltr'>car-</span> 
     </span>
     <span class='ocr_line' id='line_1_21' title="bbox 310 2762 1323 2860; baseline 0 -26"><span class='ocrx_word' id='word_1_129' title='bbox 310 2762 424 2848; x_wconf 89' lang='lat' dir='ltr'>mina,</span> <span class='ocrx_word' id='word_1_130' title='bbox 455 2787 532 2860; x_wconf 81' lang='lat' dir='ltr'>quea</span> <span class='ocrx_word' id='word_1_131' title='bbox 563 2765 719 2839; x_wconf 90' lang='lat' dir='ltr'>nondum</span> <span class='ocrx_word' id='word_1_132' title='bbox 753 2765 963 2840; x_wconf 88' lang='lat' dir='ltr'>secernenda</span> <span class='ocrx_word' id='word_1_133' title='bbox 992 2787 1172 2849; x_wconf 83' lang='lat' dir='ltr'>curamus,</span> <span class='ocrx_word' id='word_1_134' title='bbox 1213 2783 1323 2859; x_wconf 87' lang='lat' dir='ltr'>quum</span> 
     </span>
     <span class='ocr_line' id='line_1_22' title="bbox 309 2885 1323 2983; baseline 0.001 -26"><span class='ocrx_word' id='word_1_135' title='bbox 309 2885 431 2958; x_wconf 87' lang='lat' dir='ltr'>eadem</span> <span class='ocrx_word' id='word_1_136' title='bbox 447 2889 580 2960; x_wconf 86' lang='lat' dir='ltr'>ratione</span> <span class='ocrx_word' id='word_1_137' title='bbox 598 2913 692 2961; x_wconf 92' lang='lat' dir='ltr'>nune</span> <span class='ocrx_word' id='word_1_138' title='bbox 710 2913 751 2962; x_wconf 87' lang='lat' dir='ltr'>ea</span> <span class='ocrx_word' id='word_1_139' title='bbox 770 2889 1042 2962; x_wconf 89' lang='lat' dir='ltr'>considerentur.</span> <span class='ocrx_word' id='word_1_140' title='bbox 1068 2890 1108 2959; x_wconf 94' lang='lat' dir='ltr'>ln</span> <span class='ocrx_word' id='word_1_141' title='bbox 1127 2885 1195 2958; x_wconf 86' lang='lat' dir='ltr'>illis</span> <span class='ocrx_word' id='word_1_142' title='bbox 1213 2887 1323 2983; x_wconf 87' lang='lat' dir='ltr'>quin-</span> 
     </span>
     <span class='ocr_line' id='line_1_23' title="bbox 309 3009 1321 3107; baseline 0.001 -28"><span class='ocrx_word' id='word_1_143' title='bbox 309 3031 391 3104; x_wconf 88' lang='lat' dir='ltr'>que,</span> <span class='ocrx_word' id='word_1_144' title='bbox 419 3031 568 3104; x_wconf 87' lang='lat' dir='ltr'>quarum</span> <span class='ocrx_word' id='word_1_145' title='bbox 597 3009 737 3107; x_wconf 91' lang='lat' dir='ltr'>quidem</span> <span class='ocrx_word' id='word_1_146' title='bbox 771 3013 911 3082; x_wconf 88' lang='lat' dir='ltr'>nornine</span> <span class='ocrx_word' id='word_1_147' title='bbox 937 3020 1144 3106; x_wconf 89' lang='lat' dir='ltr'>supersunt,</span> <span class='ocrx_word' id='word_1_148' title='bbox 1164 3031 1321 3105; x_wconf 85' lang='lat' dir='ltr'>personae</span> 
     </span>
     <span class='ocr_line' id='line_1_24' title="bbox 307 3133 1321 3232; baseline 0.003 -28"><span class='ocrx_word' id='word_1_149' title='bbox 307 3134 437 3205; x_wconf 85' lang='lat' dir='ltr'>versari</span> <span class='ocrx_word' id='word_1_150' title='bbox 454 3133 636 3207; x_wconf 86' lang='lat' dir='ltr'>videntur:</span> <span class='ocrx_word' id='word_1_151' title='bbox 654 3135 821 3218; x_wconf 87' lang='lat' dir='ltr'>Minerva,</span> <span class='ocrx_word' id='word_1_152' title='bbox 839 3136 983 3231; x_wconf 89' lang='lat' dir='ltr'>Jupiter,</span> <span class='ocrx_word' id='word_1_153' title='bbox 1003 3135 1149 3220; x_wconf 90' lang='lat' dir='ltr'>Urania,</span> <span class='ocrx_word' id='word_1_154' title='bbox 1170 3134 1321 3232; x_wconf 86' lang='lat' dir='ltr'>Calliope</span> 
     </span>
     <span class='ocr_line' id='line_1_25' title="bbox 308 3256 1321 3358; baseline 0.002 -30"><span class='ocrx_word' id='word_1_155' title='bbox 308 3267 343 3328; x_wconf 87' lang='lat' dir='ltr'>et</span> <span class='ocrx_word' id='word_1_156' title='bbox 358 3256 572 3354; x_wconf 88' lang='lat' dir='ltr'>ipseCicero.</span> <span class='ocrx_word' id='word_1_157' title='bbox 585 3260 699 3332; x_wconf 90' lang='lat' dir='ltr'>Minus</span> <span class='ocrx_word' id='word_1_158' title='bbox 712 3259 908 3358; x_wconf 83' lang='lat' dir='ltr'>cognitam,</span> <span class='ocrx_word' id='word_1_159' title='bbox 929 3283 1006 3357; x_wconf 81' lang='lat' dir='ltr'>qua</span> <span class='ocrx_word' id='word_1_160' title='bbox 1023 3261 1060 3332; x_wconf 92' lang='lat' dir='ltr'>in</span> <span class='ocrx_word' id='word_1_161' title='bbox 1072 3261 1184 3356; x_wconf 87' lang='lat' dir='ltr'>primo</span> <span class='ocrx_word' id='word_1_162' title='bbox 1195 3259 1239 3331; x_wconf 90' lang='lat' dir='ltr'>de</span> <span class='ocrx_word' id='word_1_163' title='bbox 1250 3283 1321 3330; x_wconf 78' lang='lat' dir='ltr'>eort-</span> 
     </span>
     <span class='ocr_line' id='line_1_26' title="bbox 306 3381 1315 3482; baseline 0.002 -30"><span class='ocrx_word' id='word_1_164' title='bbox 306 3384 410 3453; x_wconf 83' lang='lat' dir='ltr'>sulutu</span> <span class='ocrx_word' id='word_1_165' title='bbox 422 3381 510 3456; x_wconf 88' lang='lat' dir='ltr'>libro</span> <span class='ocrx_word' id='word_1_166' title='bbox 524 3382 639 3456; x_wconf 92' lang='lat' dir='ltr'>locuta</span> <span class='ocrx_word' id='word_1_167' title='bbox 653 3383 759 3456; x_wconf 85' lang='lat' dir='ltr'>fuisse</span> <span class='ocrx_word' id='word_1_168' title='bbox 774 3384 931 3482; x_wconf 88' lang='lat' dir='ltr'>lingitur,</span> <span class='ocrx_word' id='word_1_169' title='bbox 953 3405 1091 3456; x_wconf 88' lang='lat' dir='ltr'>musam</span> <span class='ocrx_word' id='word_1_170' title='bbox 1107 3383 1315 3468; x_wconf 88' lang='lat' dir='ltr'>transimus;</span> 
     </span>
     <span class='ocr_line' id='line_1_27' title="bbox 307 3507 1317 3605; baseline 0.004 -30"><span class='ocrx_word' id='word_1_171' title='bbox 307 3514 516 3603; x_wconf 77' lang='lat' dir='ltr'>caeterasque</span> <span class='ocrx_word' id='word_1_172' title='bbox 542 3531 681 3592; x_wconf 88' lang='lat' dir='ltr'>musas,</span> <span class='ocrx_word' id='word_1_173' title='bbox 701 3507 826 3582; x_wconf 88' lang='lat' dir='ltr'>deosve</span> <span class='ocrx_word' id='word_1_174' title='bbox 846 3521 907 3581; x_wconf 88' lang='lat' dir='ltr'>aut</span> <span class='ocrx_word' id='word_1_175' title='bbox 928 3507 1030 3594; x_wconf 87' lang='lat' dir='ltr'>deas,</span> <span class='ocrx_word' id='word_1_176' title='bbox 1057 3533 1144 3605; x_wconf 88' lang='lat' dir='ltr'>quos</span> <span class='ocrx_word' id='word_1_177' title='bbox 1164 3507 1317 3580; x_wconf 86' lang='lat' dir='ltr'>dicentes</span> 
     </span>
     <span class='ocr_line' id='line_1_28' title="bbox 305 3625 1317 3730; baseline 0.007 -34"><span class='ocrx_word' id='word_1_178' title='bbox 305 3625 343 3696; x_wconf 91' lang='lat' dir='ltr'>in</span> <span class='ocrx_word' id='word_1_179' title='bbox 356 3627 512 3699; x_wconf 90' lang='lat' dir='ltr'>omnium</span> <span class='ocrx_word' id='word_1_180' title='bbox 529 3628 600 3702; x_wconf 87' lang='lat' dir='ltr'>lere</span> <span class='ocrx_word' id='word_1_181' title='bbox 614 3629 845 3703; x_wconf 77' lang='lat' dir='ltr'>coelicolarum</span> <span class='ocrx_word' id='word_1_182' title='bbox 866 3631 1008 3704; x_wconf 87' lang='lat' dir='ltr'>concilio</span> <span class='ocrx_word' id='word_1_183' title='bbox 1025 3639 1216 3730; x_wconf 86' lang='lat' dir='ltr'>conjectare</span> <span class='ocrx_word' id='word_1_184' title='bbox 1230 3655 1317 3728; x_wconf 92' lang='lat' dir='ltr'>pro-</span> 
     </span>
     <span class='ocr_line' id='line_1_29' title="bbox 305 3751 1316 3852; baseline 0.006 -30"><span class='ocrx_word' id='word_1_185' title='bbox 305 3771 391 3822; x_wconf 89' lang='lat' dir='ltr'>num</span> <span class='ocrx_word' id='word_1_186' title='bbox 404 3761 475 3835; x_wconf 89' lang='lat' dir='ltr'>ost,</span> <span class='ocrx_word' id='word_1_187' title='bbox 496 3751 586 3825; x_wconf 91' lang='lat' dir='ltr'>ultro</span> <span class='ocrx_word' id='word_1_188' title='bbox 606 3754 825 3852; x_wconf 82' lang='lat' dir='ltr'>negligimus.</span> <span class='ocrx_word' id='word_1_189' title='bbox 845 3755 911 3839; x_wconf 87' lang='lat' dir='ltr'>Qui</span> <span class='ocrx_word' id='word_1_190' title='bbox 924 3779 1005 3830; x_wconf 90' lang='lat' dir='ltr'>vero</span> <span class='ocrx_word' id='word_1_191' title='bbox 1021 3767 1221 3852; x_wconf 88' lang='lat' dir='ltr'>poematum</span> <span class='ocrx_word' id='word_1_192' title='bbox 1235 3779 1316 3828; x_wconf 87' lang='lat' dir='ltr'>am-</span> 
     </span>
    </p>
   </div>
   <div class='ocr_carea' id='block_1_4' title="bbox 305 3873 1399 3966">
    <p class='ocr_par' dir='ltr' id='par_1_6' title="bbox 305 3873 1399 3966">
     <span class='ocr_line' id='line_1_30' title="bbox 305 3873 1399 3966; baseline 0.003 -16"><span class='ocrx_word' id='word_1_193' title='bbox 305 3873 429 3950; x_wconf 88' lang='lat' dir='ltr'>borum</span> <span class='ocrx_word' id='word_1_194' title='bbox 452 3885 586 3949; x_wconf 87' lang='lat' dir='ltr'>actores</span> <span class='ocrx_word' id='word_1_195' title='bbox 608 3880 798 3952; x_wconf 87' lang='lat' dir='ltr'>certissime</span> <span class='ocrx_word' id='word_1_196' title='bbox 823 3891 1025 3966; x_wconf 87' lang='lat' dir='ltr'>noscuntur,</span> <span class='ocrx_word' id='word_1_197' title='bbox 1049 3905 1108 3956; x_wconf 88' lang='lat' dir='ltr'>eos</span> <span class='ocrx_word' id='word_1_198' title='bbox 1130 3905 1251 3954; x_wconf 91' lang='lat' dir='ltr'>omnes</span> <span class='ocrx_word' id='word_1_199' title='bbox 1276 3882 1311 3953; x_wconf 89' lang='lat' dir='ltr'>in</span> <span class='ocrx_word' id='word_1_200' title='bbox 1392 3949 1399 3962; x_wconf 82' lang='lat'>,</span> 
     </span>
    </p>
   </div>
   <div class='ocr_carea' id='block_1_5' title="bbox 307 4001 948 4102">
    <p class='ocr_par' dir='ltr' id='par_1_7' title="bbox 307 4001 948 4102">
     <span class='ocr_line' id='line_1_31' title="bbox 307 4001 948 4102; baseline 0.002 -26"><span class='ocrx_word' id='word_1_201' title='bbox 307 4001 628 4101; x_wconf 87' lang='lat' dir='ltr'>scenamquomodo</span> <span class='ocrx_word' id='word_1_202' title='bbox 648 4015 749 4100; x_wconf 90' lang='lat' dir='ltr'>poeta</span> <span class='ocrx_word' id='word_1_203' title='bbox 765 4003 948 4102; x_wconf 76' lang='lat' dir='ltr'>produxit?</span> 
     </span>
    </p>
   </div>
   <div class='ocr_carea' id='block_1_6' title="bbox 0 0 1502 4774">
    <p class='ocr_par' dir='ltr' id='par_1_8' title="bbox 0 0 1502 4774">
     <span class='ocr_line' id='line_1_32' title="bbox 0 0 1502 4774; baseline 0 5"><span class='ocrx_word' id='word_1_204' title='bbox 0 0 1502 4774; x_wconf 95' lang='lat' dir='ltr'> </span> 
     </span>
    </p>
   </div>
  </div>
 </body>
</html>
