2966 4776
729 328 765 342 ...
790 296 891 356 62...

314 429 450 502 cendat.
470 427 522 502 lbi
536 428 665 502 diutius
678 429 897 514 immoratur,
912 436 946 498 et
959 437 1068 524 poeta
1085 426 1226 500 tandem
1238 429 1331 501 vices

313 577 440 651 agens,
460 553 555 626 diras
573 552 772 626 hominibus
793 554 1057 648 imprecantem,
1073 554 1277 649 priusquam
1294 556 1331 624 in

313 678 440 750 coelum
460 677 612 764 exsulet,
630 682 799 750 Astraeam
823 671 967 750 inducit.
988 679 1076 749 Tum
1093 678 1191 775 signa
1209 703 1332 751 rursus

314 800 435 874 ordine
448 812 638 886 memorat,
653 823 842 896 eorumque
859 800 940 920 locq
948 800 1068 885 docet,
1084 801 1217 896 poetico
1234 824 1332 873 more

314 921 401 996 nihil
414 925 614 1024 expingeus‚
630 925 697 996 nisi
708 925 854 997 fortasse
869 922 1001 996 variam
1014 923 1167 996 siderum
1183 923 1332 997 formam

314 1061 349 1122 ct
371 1050 508 1135 lumen,
532 1061 566 1121 ct
587 1074 656 1146 quo
677 1049 824 1142 invicem
846 1049 961 1122 studio
976 1047 1030 1121 vcl
1056 1060 1152 1121 metu
1175 1051 1334 1146 proxima

314 1172 447 1271 fugiant
464 1184 525 1245 aut
541 1170 806 1269 prosequantur.

254 1363 256 1368 .
362 1300 531 1371 Caeterum
546 1297 595 1370 ibi
612 1296 699 1369 nihil
714 1297 864 1393 reperire
876 1307 940 1382 est,
958 1321 1026 1393 quo
1036 1299 1170 1393 possint
1186 1297 1334 1394 excogit-

302 1422 396 1494 andi
414 1422 559 1495 facultas
583 1423 787 1518 artimusque
810 1423 1030 1493 commoveri.
1051 1423 1128 1493 Non
1147 1421 1251 1492 simili
1271 1445 1335 1493 ra-

314 1546 428 1632 tione,
449 1544 640 1630 oredimus,
665 1547 950 1638 Metamorphoses
972 1556 1091 1618 auctor
1114 1546 1182 1617 tale
1201 1569 1335 1643 propo-

314 1671 421 1741 situm
443 1669 668 1755 absolvisset,
699 1692 763 1740 nec
786 1668 920 1741 Eudoxi
945 1669 1115 1766 spharam
1141 1671 1336 1744 exscribere

315 1801 399 1870 satis
417 1797 609 1869 habuisset.
629 1796 738 1868 Aliter
752 1797 802 1868 illi
819 1797 964 1895 graeculo
978 1801 1092 1870 visrun
1111 1809 1171 1870 aut
1188 1823 1336 1872 conces—

313 1945 393 1992 sum
408 1921 485 1992 luit.
505 1923 546 1993 In
563 1922 766 2014 Prognostica
784 1920 926 1994 inferius
951 1924 1056 1996 etiam
1073 1922 1222 1995 subsidit
1238 1924 1335 1995 Ara-

315 2057 384 2117 tus.
404 2047 510 2130 Quasi
527 2055 670 2131 ventos,
691 2034 862 2142 quinimo
880 2046 1033 2144 pluviam
1052 2058 1086 2120 et
1104 2049 1220 2121 nivem
1246 2051 1336 2121 tanti

314 2196 527 2269 praenoscere
556 2172 721 2256 referret,
754 2173 1008 2243 imminentium
1026 2173 1190 2244 imbrium
1217 2173 1336 2246 unde-

315 2320 452 2395 quaque
470 2299 570 2395 signa
588 2295 737 2393 colligit,
758 2306 792 2366 ct
815 2295 860 2368 ad
879 2319 1045 2368 nauseam
1067 2308 1257 2369 coacervat.
1278 2297 1334 2370 Ab

315 2419 399 2491 luna
434 2421 586 2517 primum
624 2417 827 2504 exordiens,
860 2419 990 2505 solem,
1021 2420 1151 2506 nubes,
1183 2431 1331 2507 ventus,

316 2543 456 2640 signum
479 2542 658 2628 Phatnen,
680 2553 714 2614 ct
740 2541 908 2640 gregatim
926 2567 1027 2629 aves,
1050 2544 1186 2630 stellas,
1205 2566 1329 2629 ranas,

315 2665 442 2754 boves,
473 2690 623 2764 porcas,
654 2691 755 2753 oves,
785 2667 1002 2766 capellasque
1029 2668 1175 2768 frigidus
1203 2693 1334 2742 exsan—

314 2791 461 2889 guisque
490 2791 695 2864 sciscitatur.
728 2793 810 2877 Qua
842 2793 941 2874 nobis
973 2793 1113 2892 quidem
1143 2794 1332 2868 deridiculo

253 2909 255 2914 ’
312 2917 454 3002 forent,
492 2919 560 2989 nisi
598 2916 836 3016 praejudicatas
876 2917 1057 2991 hominum
1088 2920 1265 3015 opiniones
1298 2931 1334 2994 et

313 3063 449 3112 errores
465 3063 670 3136 cognoscere
682 3049 839 3139 juvaret,
859 3053 893 3112 et
915 3042 1035 3115 inillis
1057 3053 1214 3116 veterum
1233 3069 1333 3120 som-

314 3163 399 3248 niis,
420 3173 559 3248 nostra,
579 3186 644 3235 nec
663 3162 849 3260 plebecula
869 3175 1029 3250 tantum,
1059 3170 1182 3265 sapius
1206 3193 1332 3243 occur-

315 3298 445 3360 rorent.

363 3415 473 3512 Hujus
487 3413 636 3486 auctoris
648 3414 906 3488 Ciceronianam
917 3418 1174 3492 conversionem
1187 3441 1332 3514 perpen-

315 3536 426 3622 suris,
448 3557 518 3608 non
530 3543 605 3634 jam
623 3536 723 3610 nobis
750 3537 829 3610 licet
846 3549 919 3611 tota
938 3562 1014 3635 qua
1031 3552 1216 3638 supersunt
1231 3541 1331 3638 frag-

315 3670 433 3732 menta
446 3659 612 3757 proferre.
632 3661 769 3762 Paginis
788 3666 881 3736 enim
899 3663 978 3760 plus
995 3664 1144 3739 sedecim
1163 3665 1326 3752 laudatis,

315 3785 419 3879 paulo
440 3785 576 3882 longius
604 3791 712 3862 oratio
736 3801 855 3863 nostra
879 3791 1135 3887 proveheretur.
1160 3791 1329 3890 Eligenda

315 3933 397 3982 vero
414 3909 609 3983 curavimus
626 3935 702 4010 qua
717 3915 863 3988 virtutes
871 3915 1069 4012 interpretis
1085 3928 1146 3988 aut
1155 3917 1239 3988 vitia
1255 3937 1327 3988 mn-

317 4035 407 4110 uirue
426 4031 623 4134 proderent.
643 4037 849 4112 Pleromate
870 4039 1021 4135 primum
1040 4039 1274 4126 revolvamus,
1292 4051 1326 4112 et
