2994 4774
713 391 753 404 -
775 353 816 418 'to
837 390 877 403 -
946 367 949 374 ’

280 483 412 568 coronis
422 493 687 566 obtrectatorem
697 490 881 574 exstitisse,
895 489 955 584 qui
967 512 1026 562 eos
1039 487 1175 562 ridiculi
1185 511 1292 562 causa

280 630 516 703 commentus,
538 619 677 690 innoxio
697 617 850 690 Ciceroni
874 617 927 688 :O
949 614 1177 700 fortunatam,
1201 625 1291 700 cte,

280 745 477 818 asseruerit.
496 743 572 826 Qua
590 741 787 814 defensione
803 740 918 812 nescio
936 764 981 812 an
994 739 1129 812 nullum
1139 761 1296 834 unquam

281 870 411 940 crimen
429 891 528 940 reum
544 867 681 966 gravius
701 867 924 962 oppresserit.

330 993 470 1090 Aliquid
493 1003 609 1065 tamen
633 991 852 1090 ingeniosum
875 1002 909 1062 et
933 989 1058 1062 subtile
1081 990 1189 1061 critici
1213 1013 1298 1060 sen-

281 1117 396 1188 tentiae
423 1115 554 1188 subest.
582 1114 670 1188 lllud
695 1115 788 1186 enim
811 1112 984 1186 famosum
1007 1136 1016 1183 :
1042 1111 1298 1184 Ofortunatam

284 1249 422 1325 natam,
446 1250 535 1324 ete,
555 1240 604 1310 ita
620 1238 797 1312 eonditum
815 1248 884 1324 est,
907 1249 946 1311 ut
965 1238 1131 1334 suspicari
1149 1237 1260 1334 possis
1278 1260 1301 1307 a

285 1364 437 1438 derisore
446 1363 603 1462 quodam,
611 1365 677 1436 hoe
690 1365 860 1460 precipue
871 1373 1030 1436 curatum
1040 1363 1147 1434 fuisse
1157 1417 1166 1446 ‚
1178 1373 1217 1434 ut
1227 1368 1300 1460 jae-

285 1489 406 1561 taticni
433 1513 569 1586 semper
595 1488 717 1562 eadem
743 1489 882 1562 iteranti
907 1487 1131 1584 responderet
1152 1486 1302 1559 irridens

286 1613 384 1698 echo,
399 1625 434 1686 et
444 1614 670 1710 pervicaciam
685 1614 923 1686 ostentationis
936 1615 1170 1709 importunam
1184 1619 1304 1710 jocosa

286 1741 379 1812 vocis
395 1741 510 1838 imago
535 1740 696 1824 referret,
724 1750 759 1812 et
781 1739 906 1812 iisdem
932 1738 1072 1837 syllabis
1094 1740 1301 1810 imitaretur.

288 1863 418 1935 Scitum
432 1886 515 1934 sane
524 1885 677 1947 carmen,
690 1864 720 1934 si
733 1861 777 1934 ad
790 1862 856 1934 hoc
867 1873 1049 1958 spectaret.
1063 1863 1179 1946 Quum
1187 1871 1306 1933 autem
1327 1917 1330 1924 .

289 1987 550 2085 comprobatum
571 1989 616 2060 sit
634 2000 668 2060 et
682 1987 775 2060 illius
791 1999 967 2061 auctorem
986 2011 1061 2060 esse
1080 1989 1302 2072 Ciceronem,

291 2124 326 2184 et
342 2113 437 2186 aliud
450 2115 614 2218 inanimo
627 2113 810 2200 habuisse,
830 2139 936 2210 quam
952 2113 1095 2186 feliciter
1105 2112 1156 2185 illi
1166 2113 1308 2185 cesserit

291 2241 482 2325 sententia,
501 2252 610 2337 patet.

341 2364 431 2448 Quid
446 2377 563 2437 autem
580 2365 624 2438 ad
636 2365 851 2461 propositum
870 2374 905 2435 et
916 2362 1171 2436 conclusionem
1188 2361 1307 2448 refert,

292 2485 446 2584 singulos
463 2499 497 2559 et
508 2487 705 2560 istiusmodi
718 2511 858 2584 carpere
870 2511 1005 2572 versus,
1022 2511 1109 2583 qnos
1120 2499 1193 2559 tam
1208 2485 1310 2558 multi

293 2606 501 2693 deriserunt,
511 2620 550 2680 ut
566 2609 643 2682 illcs
652 2620 838 2681 retractare
849 2633 944 2705 paene
956 2609 1145 2683 deridiculo
1154 2612 1310 2683 futurum

295 2729 363 2803 sit?
376 2733 575 2805 Ciceronem
587 2735 623 2806 in
634 2735 781 2832 propriis
793 2735 1003 2808 carunnibus
1017 2735 1131 2806 animo
1145 2747 1180 2807 et
1193 2735 1313 2808 efflatu

294 2857 394 2930 defici
410 2858 626 2931 manifestius
643 2859 902 2956 comprobasse,
917 2860 946 2930 si
963 2858 1100 2931 cuidem
1115 2882 1313 2930 occurreres

295 2995 517 3080 argumento,
538 2983 631 3080 quod
643 2985 796 3056 oratione
809 2982 921 3056 soluta
935 2984 1088 3055 vicissim
1104 2994 1139 3054 et
1156 2982 1314 3055 versibus

296 3107 478 3203 attigisset.
498 3109 594 3177 Hanc
615 3117 731 3177 autem
754 3104 951 3177 conferendi
975 3106 1144 3178 rationem
1161 3107 1262 3178 tertia
1276 3108 1314 3178 in

297 3229 479 3304 Catilinam
490 3229 598 3302 oratic
612 3240 646 3300 et
654 3228 698 3301 de
710 3227 891 3301 consulatu
902 3253 1041 3301 carmen
1050 3231 1237 3303 sufficiunt.

346 3357 455 3426 Poetae
474 3355 655 3426 materiam
671 3353 800 3450 praebet
820 3363 946 3427 orator.
968 3356 1064 3426 Hanc
1085 3357 1190 3452 igitur
1209 3378 1315 3451 quam

297 3478 441 3551 feliciter
448 3478 506 3552 ille
515 3489 691 3552 convertat
701 3490 735 3550 et
744 3490 899 3564 exornet,
909 3503 1020 3576 opera
1031 3481 1181 3575 pretium
1193 3492 1246 3552 est
1256 3503 1316 3550 au-

300 3599 387 3672 dire.
410 3605 518 3673 Locus
538 3602 631 3698 apud
649 3614 834 3699 utrumque
854 3602 965 3674 tribus
983 3603 1139 3698 partibus
1157 3615 1313 3678 constat:

304 3723 341 3791 1⁰
361 3721 438 3793 coeli
457 3723 641 3823 prodigiis3
662 3730 703 3795 2⁰
722 3725 942 3798 terrestribus
966 3728 1149 3812 monstris;
1171 3728 1212 3798 3⁰
1231 3729 1316 3799 ima-

300 3848 380 3944 gine
396 3849 470 3920 lovi
485 3861 695 3922 consecrata.

350 3975 404 4046 Sic
421 3975 569 4069 primam
589 4000 771 4074 aggressus
790 3987 843 4048 est
861 3985 977 4048 orator
997 4001 1006 4048 ε

356 4126 371 4166 r
396 4099 603 4196 Quanquam
620 4100 692 4174 hac
708 4102 845 4186 omnia,
865 4101 1034 4186 Quirites,
1054 4102 1103 4174 ita
1125 4112 1206 4174 sunt
1223 4126 1244 4173 e
1259 4126 1316 4174 mc
