2954 4776
549 359 757 420 '-laa-

159 490 305 574 idoneo,
325 487 413 560 solet
429 485 586 560 interdici
615 487 680 585 (1).
706 489 822 560 Victor
838 489 884 558 Le
910 487 1029 574 Clere,
1052 487 1176 587 dignus

160 613 302 710 quidem
331 636 468 685 summa
493 611 705 698 eruditione,
737 612 818 708 qui,
851 614 981 684 catoris
1011 614 1173 698 omissis,

161 737 257 809 solus
274 737 333 809 hic
361 738 514 810 omnium
538 739 710 811 Ciceronis
735 739 961 834 interpretum
978 751 1095 834 partos
1112 737 1179 810 de-

72 889 75 898 ·
160 862 301 946 tendat,
320 863 435 936 media
460 863 593 937 consihi
617 865 673 935 via
696 864 894 960 sapientior,
915 887 1027 960 neque
1049 866 1179 937 Cicero-

161 1011 242 1058 nem
262 987 365 1059 altius
392 987 511 1074 effert,
531 1011 644 1084 neque
667 987 711 1059 dc
733 986 824 1058 illius
849 987 973 1058 merita
995 986 1096 1059 laude
1113 985 1179 1058 de-

161 1110 268 1182 trahit
284 1135 293 1183 :
315 1139 330 1179 a
344 1109 573 1195 Adolescens,
588 1112 719 1208 inquit,
733 1113 770 1182 in
782 1112 878 1207 poesi
892 1112 1009 1184 Cicero
1023 1122 1179 1184 versatus

162 1246 234 1320 est,
257 1259 447 1332 qua-suum
470 1237 648 1334 ingenium
673 1248 856 1308 exerceret.
881 1239 957 1309 lam
976 1235 1076 1308 annis
1093 1259 1180 1332 pro-

160 1371 291 1445 vectus,
312 1384 331 1431 e
348 1361 445 1456 poesi
462 1359 548 1432 nibil
562 1359 655 1432 aliud
677 1385 782 1457 quam
794 1359 1056 1432 delectationem
1071 1362 1180 1456 perci-

161 1503 244 1576 pere
270 1479 416 1554 studuit.
437 1483 605 1580 lnjurium
626 1483 732 1580 igitur
756 1493 848 1554 esset
870 1483 1043 1556 Ciceronis
1060 1507 1179 1556 versus

163 1627 243 1674 eum
267 1605 465 1700 posterioris
483 1605 592 1676 atatis
617 1604 827 1676 carminibus
846 1619 1065 1701 componere.
1087 1606 1180 1677 Scire

108 1797 113 1805 .
163 1738 300 1799 tentum
316 1728 467 1824 expedit,
485 1728 598 1815 illum,
613 1740 701 1802 teste
716 1729 911 1817 Plutarcho,
929 1741 969 1802 ut
981 1732 1035 1802 sui
1050 1741 1181 1827 tempo-

165 1855 215 1924 ris
230 1854 552 1952 praestantissimum
571 1865 766 1939 oratorem,
785 1857 834 1927 sic
853 1857 1023 1952 optimum
1041 1867 1180 1953 poetam

165 1973 325 2051 habitum
340 1974 456 2047 luisse.
477 1974 594 2050 Multis
611 1974 712 2061 licet,
732 2001 806 2073 quae
820 2001 912 2049 nuuc
926 1977 1179 2064 desiderantur,

165 2099 335 2194 poematis
357 2098 416 2176 ille
437 2100 609 2171 sententia
636 2100 781 2172 fortasse
808 2101 992 2187 niteretur,
1023 2102 1100 2174 fieri
1124 2113 1183 2174 ta-

167 2247 249 2297 men
264 2233 401 2320 potest,
426 2235 465 2296 ut
485 2225 528 2296 iis
548 2249 624 2320 qua
640 2235 849 2322 supersunt,
874 2227 903 2298 si
919 2225 1066 2298 candide
1081 2227 1183 2325 judi-

165 2358 244 2420 eata
259 2348 403 2434 fuerint,
425 2349 598 2422 Plutarchi
613 2349 701 2422 fides
719 2374 789 2424 non
806 2351 999 2450 resignetur
1020 2351 1085 2450 (2).
1103 2381 1119 2420 s

212 2475 376 2545 Veterum
402 2484 436 2546 et
460 2475 690 2548 recentiorum
712 2475 756 2548 de
780 2478 940 2553 Cicerone
957 2488 1059 2575 poeta
1080 2479 1183 2550 testi-

167 2599 283 2669 monia
306 2600 452 2671 strictim
469 2601 658 2698 attigimus.
678 2602 763 2685 Quae
781 2603 830 2674 sic
847 2625 1022 2674 resumere
1042 2605 1182 2676 consen-

169 2733 306 2799 taneum
328 2735 408 2796 est:
432 2748 494 2796 sua
517 2725 716 2824 Ciceronem
740 2737 823 2797 aetas
848 2737 987 2822 poetam
1005 2751 1075 2802 una
1097 2753 1180 2801 voce

168 2849 238 2921 iere
254 2849 436 2935 salutauit,
456 2873 604 2946 sequens
623 2851 843 2947 praetermisit
861 2852 1055 2925 immemor.
1079 2853 1184 2936 Quin-

169 2973 278 3046 tiliani
296 2985 330 3046 et
350 2975 456 3046 Taciti
478 2975 714 3071 temporibus,
737 2998 759 3046 a
777 2973 952 3047 nonnullis
978 2976 1098 3049 timide
1118 2975 1185 3049 de—

166 3097 306 3183 lensus,
332 3099 456 3170 aeriter
473 3121 494 3169 a
511 3097 685 3195 plerisque
710 3099 827 3171 Cicero
846 3098 1038 3171 lacessitur.
1061 3101 1181 3184 Unus,

165 3233 300 3318 graecus
335 3219 500 3316 quidem,
537 3245 675 3293 musam
706 3222 899 3298 Tullianam
932 3248 953 3296 e
986 3236 1185 3319 contemptu

164 3344 334 3423 vindieat.
888 3354 890 3358 “

218 3469 349 3542 Saeculo
363 3479 459 3541 sexto
475 3468 608 3541 decimo
627 3468 703 3542 laus
722 3473 849 3543 iterum
862 3471 995 3568 postica
1015 3471 1186 3543 Ciceronis

166 3617 365 3692 emergere3
389 3605 507 3667 octavo
528 3593 681 3680 decimo,
702 3619 823 3668 rursus
842 3596 946 3669 variis
968 3594 1187 3696 opinionibus

165 3718 378 3805 conflictari3
394 3719 520 3792 nostris
534 3697 615 3792 vero
630 3720 843 3819 temporibus
856 3722 892 3793 in
906 3722 1034 3794 tutiora
1047 3721 1187 3795 tandem

167 3844 330 3918 evadere.

209 4023 246 4088 (l)
266 4019 314 4077 vie
327 4017 361 4077 de
373 4017 492 4076 ciceron.

208 4121 246 4190 (2)
264 4118 344 4178 Trad.
359 4118 494 4192 ciceron,
511 4118 564 4178 rol.
581 4123 630 4192 at,
645 4133 673 4192 p.
689 4121 733 4177 tt.
