2994 4774
539 289 754 386 Ἀιμ-

164 463 361 561 explanant.
386 459 539 542 Ennius,
563 458 699 533 Naevius
716 513 726 542 ,
746 457 884 542 Attius,
910 457 1029 534 subtili
1055 460 1182 532 mentis

164 587 340 670 acumine,
357 591 480 681 arguta
491 581 739 668 concinnitate,
757 579 867 654 faceto
889 579 1006 678 lepore
1025 605 1183 656 nonnun-

164 735 296 809 quam,
332 705 541 803 exemplaria
573 729 686 804 graeca
713 704 857 778 feliciter
872 687 874 694 ⁵
888 685 1107 779 aemulantur.
1136 710 1183 778 ln

166 838 367 928 Cresphonte,
384 831 493 904 liliam
516 840 551 902 et
564 840 721 926 patrem,
741 831 813 904 acri
829 833 1049 906 contentione
1068 833 1183 904 rixan-
1250 881 1252 886 s

163 974 238 1046 tes,
256 957 431 1056 Euripidis
450 956 608 1030 eolertiae
632 980 703 1032 non
724 956 850 1054 impar,
876 959 1010 1032 Ennius
1034 958 1180 1032 inducit.

162 1085 316 1184 Argutiie
335 1083 439 1155 etiam
457 1080 536 1178 plue
553 1081 660 1153 nimio
674 1083 828 1178 quaesitis
837 1089 1025 1182 juvenatur
1035 1094 1069 1154 et
1085 1081 1184 1156 luxu·
1201 1173 1206 1181 Ι

162 1208 249 1294 riat,
268 1218 309 1280 ut
325 1208 362 1287 in
378 1206 567 1299 Iphigenia:
590 1259 592 1268 ,

244 1401 332 1464 Otiod
346 1403 377 1463 in
391 1402 486 1463 otioso
500 1403 617 1465 unimus
631 1373 724 1462 neecit
740 1401 812 1480 quid
826 1401 899 1462 velit
917 1402 970 1480 (1).

204 1584 277 1646 Plus
290 1543 390 1660 negoti
403 1585 511 1660 habet,
528 1602 621 1664 quarn
637 1602 734 1664 quum
748 1587 794 1646 est
813 1585 970 1660 negotium
984 1585 1017 1649 in
1030 1585 1162 1659 negotio.

211 1767 255 1837 Et
272 1767 310 1837 in
330 1768 496 1838 Phaniae:

243 1927 376 2023 Stultusi
390 1963 443 2040 qui
457 1962 568 2043 cupida
579 1963 872 2041 cupiensoupienter
887 1961 970 2042 cupit
986 1958 1041 2044 (2).

211 2140 274 2213 llle
298 2140 457 2238 putidam
484 2141 738 2214 affectationem
767 2137 933 2236 produnt.
964 2137 1182 2236 Elegantiam

161 2288 243 2337 vero
258 2264 524 2352 modestiorem,
537 2264 627 2337 sales
643 2265 782 2348 atticos,
800 2263 1016 2358 facetamque
1033 2261 1184 2359 philoso-

160 2388 300 2485 phiam,
318 2413 428 2486 quum
442 2390 479 2460 in
496 2388 684 2486 quemdam
699 2385 925 2484 impudicam,
945 2395 1005 2456 aut
1022 2385 1059 2455 in
1076 2408 1183 2482 augu-

162 2537 218 2586 ree
236 2515 410 2590 invehitur
430 2513 500 2613 (3),
518 2515 651 2586 Ennius
667 2512 768 2586 nobis
780 2519 859 2611 jure
876 2511 1051 2608 probaret.
1070 2511 1182 2594 Quem

163 2636 319 2708 imitatur
337 2619 441 2709 simili
458 2637 687 2734 sceptioorum
702 2635 883 2709 dicacitate
900 2633 1037 2732 lepidus
1057 2644 1091 2706 et
1107 2635 1183 2706 ele-

164 2779 252 2862 gans
270 2757 385 2830 Attius
404 2784 413 2830 :
1127 2774 1129 2780 ·

242 2959 323 3021 Nihil
340 2960 429 3020 credo
443 2959 609 3034 auguribus
623 2961 676 3038 qui
691 2977 780 3021 aures
793 2937 892 3022 verbis
905 2962 1034 3024 divitent

243 3070 377 3145 Alienos,
394 3087 463 3132 suus
476 3073 513 3130 ut
524 3088 599 3131 auro
614 3069 801 3150 locupletent
814 3071 919 3133 domos
935 3070 988 3155 (1).

208 3253 407 3324 Graecorum
430 3252 623 3347 praesertim
650 3251 770 3350 figuris
795 3253 845 3326 illi
861 3263 995 3326 veteres
1023 3254 1182 3326 efflores—

161 3388 266 3460 cunt,
284 3375 462 3448 antithetis
478 3375 678 3475 indulgent,
697 3389 737 3450 ut
753 3378 868 3450 Attius
886 3379 923 3449 in
936 3379 1130 3470 Philocteta:

240 3571 365 3648 Configo
378 3538 484 3635 tardus
500 3573 626 3647 celeres,
642 3577 724 3636 stans
736 3572 884 3636 volatiles.

199 3803 235 3873 (tl
250 3803 344 3860 Bothe.
359 3801 500 3877 Iplttpeo„
511 3819 540 3876 p.
557 3808 603 3862 tt.

197 3898 232 3969 (2)
247 3899 361 3971 Ibidem,
376 3915 404 3972 p.
418 3904 465 3957 59.
763 3943 767 3952 .

196 3997 232 4067 (3)
246 3997 360 4065 ibidem,
378 3997 499 4070 Petam,
515 4014 543 4070 p.
557 4003 602 4056 62.
726 4023 728 4029 ⁴

200 4091 236 4164 (1)
251 4095 364 4168 ibidem,
379 4095 538 4169 Astyoooco,
555 4111 582 4169 p.
601 4100 662 4153 181.
750 4117 752 4127 ·
