2994 4774
639 325 784 380 ..7-

254 447 442 529 Nominum
458 475 605 552 genere,
624 475 702 552 quoe
716 463 898 528 mutentur
909 455 1025 530 adhuc
1044 467 1080 528 et
1095 456 1227 528 incerte

205 581 378 679 pendent,
407 581 453 654 ad
482 581 647 654 orationis
674 580 797 654 soluts
823 581 967 655 modum
981 586 1041 652 ‘et'
1056 581 1228 654 rationem

206 708 324 782 Cicero
348 705 496 804 redigit,
527 705 705 779 stabiliora
732 705 872 792 delinit,
901 705 1101 791 ethorum,
1130 704 1227 778 r'erbi

205 835 338 930 gratia,
356 831 531 906 licentiam
547 830 704 928 exemplo
716 831 866 906 feliciore
879 843 1038 906 coercet:
1059 830 1177 916 «Quid
1190 833 1228 902 in

206 959 329 1032 castris
352 954 508 1054 strepiti‘l
521 984 538 1025 s
552 995 601 1010 --
620 957 834 1043 «Armenta,
855 967 969 1030 castra
982 993 998 1043 ,v
1012 956 1146 1053 lapides
1163 979 1230 1028 su-

184 1117 185 1120 *
205 1082 322 1170 bletae,
334 1081 466 1166 labeas,
478 1109 495 1149 s
509 1080 676 1154 feminino
688 1104 832 1179 geneum
848 1081 1054 1166 masculino,
1074 1079 1226 1164 «collus,

206 1206 334 1278 fretum
366 1205 575 1290 ferventem,
603 1216 785 1302 rectosque
813 1229 1015 1304 cupressos,
1045 1215 1224 1289 soutus3»

208 1329 353 1424 neutrof,
376 1353 599 1426 «pannum»
614 1341 649 1402 et
664 1331 861 1404 istiusmodi
870 1331 1109 1404 numerosiora
1124 1351 1231 1426 quarn

210 1429 286 1549 qum
303 1453 437 1548 possint
452 1453 521 1526 huc
539 1452 689 1530 admitti.

259 1575 435 1650 Incondite
457 1573 657 1673 compositis
679 1579 784 1650 etiam
809 1579 926 1654 Cicero
956 1575 1100 1662 diffidit,
1130 1601 1230 1672 quae,

209 1703 426 1786 esseorum,
451 1713 492 1774 ut
514 1704 806 1799 praemonuimus,
835 1702 988 1801 vestigiis
1012 1702 1229 1787 insistentes,

208 1827 246 1898 in
261 1827 414 1924 patrium
431 1847 627 1900 sermonem
649 1828 808 1924 quamvis
830 1837 1082 1924 repugnantem
1099 1835 1232 1898 veteres

209 1949 368 2047 ingerere
382 1947 565 2022 conentur.
583 1951 761 2024 Muluetus
772 1951 865 2023 enim
874 1950 979 2022 luerit
994 1973 1016 2022 a
1030 1949 1147 2022 Naevio
1157 1949 1232 2019 Vir-

209 2073 314 2172 gilius
346 2103 363 2143 «
389 2075 605 2158 arcitenens,
626 2101 643 2142 ι
667 2073 772 2172 hujus
788 2073 1034 2170 comprobetur
1045 2072 1230 2170 judicium.

211 2199 296 2283 Quis
319 2181 609 2272 autenticorum
633 2219 704 2270 non
728 2199 940 2296 suffragatus
966 2208 1076 2280 esset,
1106 2195 1150 2268 ab
1176 2195 1234 2267 his

209 2347 335 2398 vocum
357 2323 554 2397 fictionibus
576 2323 777 2396 abhorrenti
804 2346 814 2394 :
841 2328 862 2390 a‘
877 2319 1082 2419 Foedilragi,
1108 2315 1234 2392 aurora

210 2447 442 2545 pudoricolor,
452 2451 616 2523 lllemnon
626 2446 827 2533 nocticolor,
841 2442 1089 2530 trisoclisenox‚
1104 2443 1233 2516 dulcio·
1308 2533 1311 2541 Ι

212 2572 367 2669 riloquus
383 2572 555 2646 Nestor‘l»
572 2617 621 2628 -
631 2573 695 2645 Illa
710 2573 861 2658 Navius,
879 2570 954 2643 haec
973 2569 1108 2666 aliaque
1122 2567 1233 2640 multa

212 2700 382 2771 recentior
403 2699 518 2770 Attius
534 2696 680 2794 protulit
705 2723 715 2770 ι
740 2695 1024 2780 ‹Laetifioebilis,
1048 2695 1234 2766 horrificu-

212 2819 306 2892 hilis.
328 2849 345 2890 o
370 2822 527 2906 Quorum
548 2821 783 2916 similiumque
800 2821 872 2892 vim
889 2831 924 2891 et
942 2819 1150 2916 elegantiam
1167 2819 1234 2890 isto

211 2967 315 3018 versu
325 2952 424 3044 juvet
441 2943 649 3041 explorare:
741 2937 744 2946 ’

294 3153 382 3214 Nerei
395 3153 668 3232 repandirostrum,
686 3151 955 3212 incurvicervicum
970 3167 1061 3230 pecus
1079 3148 1131 3231 (1).

261 3338 316 3411 llli
332 3350 467 3411 veteres
484 3361 594 3436 quum
609 3335 676 3410 hae
693 3339 927 3411 transmarina
943 3337 1103 3411 laborant
1123 3337 1235 3407 imita-

213 3463 324 3549 tione,
345 3462 535 3535 domestica
554 3461 717 3534 tarditate
742 3463 944 3560 merantur,
972 3471 1006 3532 et
1025 3483 1102 3532 eam
1126 3461 1235 3532 nomi·

214 3611 300 3659 num
311 3585 440 3658 molem
455 3585 638 3671 adhihent,
655 3609 732 3682 quae
747 3588 805 3659 vix
820 3583 929 3658 oratio
942 3581 1055 3657 soluta
1067 3585 1231 3682 patiatur.

215 3709 318 3809 Apud
345 3711 479 3784 Attium
496 3710 551 3784 vel
570 3711 674 3784 unius
688 3711 894 3810 ,fragmenta
911 3707 1037 3784 fabulae
1062 3709 1162 3782 nobis
1184 3712 1235 3781 in-

216 3843 338 3932 gerent
374 3859 383 3906 :
419 3815 713 3920 c'Conoorditas,
745 3833 971 3922 vanitudine,
1005 3833 1234 3918 orbitudiuis,

255 4096 291 4166 (t)
305 4097 402 4169 Bothe,
415 4111 448 4154 er
458 4091 566 4156 incertis
577 4097 674 4156 Pacm.
683 4089 820 4170 'rragoet.,
832 4113 859 4170 p.
875 4101 936 4154 tlt.
