2994 4774
731 386 771 398 -
792 353 831 412 42
856 386 891 396 -

384 464 522 538 Abdidit,
539 467 570 523 et
587 453 686 522 subito
701 461 832 522 stellanti
850 464 937 520 nocte
950 463 1106 540 perempta
1120 463 1177 522 est.

427 570 506 645 Quid
521 590 592 632 vero
604 570 708 633 Phoebi
721 569 786 643 fax,
803 571 894 629 tristis
906 570 1011 630 nuntia
1024 568 1111 642 belli,
1240 641 1242 645 Α

288 682 292 690 ’
384 678 461 752 Quae
472 698 617 752 magnum
630 680 667 740 ad
678 678 816 738 columen
830 677 984 738 llammato
999 676 1104 737 ardore
1114 675 1251 747 volabat,

387 789 556 868 Praecipites
569 789 636 850 coeli
650 792 748 868 partes
762 788 919 865 obitusque
934 791 1099 866 petessens;

384 897 448 958 Aut
464 917 579 976 quum,
596 897 722 959 terribili
740 915 898 977 percussus
912 895 1054 970 fulmine,
1070 895 1142 956 civis

385 1008 466 1070 Luce
481 1010 631 1070 serenanti
647 1009 719 1068 vitai
732 1007 850 1068 lumina
861 1006 967 1083 liquit,

385 1117 448 1180 Aut
462 1137 557 1198 quum
572 1136 603 1182 se
621 1118 744 1194 gravido
757 1115 926 1178 tremefecit
943 1131 1066 1194 corpore
1080 1111 1189 1172 tellust

354 1375 397 1445 Hi
407 1399 547 1462 versus,
567 1388 606 1450 ut
621 1376 801 1461 videmus,
821 1375 966 1448 oratoris
979 1372 1085 1446 verba
1098 1381 1234 1443 tantum
1249 1391 1322 1438 am-

307 1495 473 1592 plificant.
487 1498 572 1581 Quis
590 1508 726 1583 autem,
740 1508 780 1568 ut
794 1499 955 1569 universa
968 1497 1120 1593 primum
1137 1491 1322 1588 amplecta-

306 1645 404 1706 mur,
426 1623 678 1696 adstrictiorem
703 1623 802 1694 illum
831 1620 1059 1718 componendi
1080 1618 1223 1691 modum
1242 1615 1324 1688 huic

305 1744 427 1818 laxiori
449 1758 484 1818 et
502 1736 611 1820 liianti
640 1773 710 1821 non
735 1745 957 1820 antetulerit?
979 1747 1132 1818 Oratoris
1157 1741 1323 1840 proposi-

307 1878 382 1938 tum
407 1868 528 1941 delinit
551 1872 686 1956 Cicero,
716 1871 844 1943 scilicet
869 1871 985 1943 omnia
1009 1869 1153 1942 deorum
1181 1863 1323 1937 consilio

307 1995 444 2089 provisa
467 1996 572 2067 fuisse
591 2022 599 2068 :
621 1996 714 2093 quod
738 1996 867 2092 duplici
886 1995 1040 2079 ratione,
1068 1998 1263 2090 conjectura
1288 1998 1324 2060 et

306 2119 532 2213 presentibus
556 2115 721 2218 prodigiis
751 2121 993 2192 confirmatum
1021 2117 1227 2200 arbitratur;
1250 2113 1323 2185 haec

307 2256 463 2315 monstra
480 2244 637 2316 ,breviter
663 2247 819 2342 attingit,
850 2255 884 2316 et
911 2267 986 2339 quae
1011 2243 1120 2327 liunt,
1145 2248 1219 2339 jam
1239 2239 1323 2311 deos

307 2371 470 2442 cecinisse
483 2369 668 2442 concludit.
684 2373 762 2441 Haec
774 2379 813 2440 ut
828 2371 918 2440 inter
930 2392 967 2440 se
980 2368 1179 2438 firmissimo
1187 2364 1323 2438 vinculo

307 2491 500 2577 cohaerent,
518 2494 568 2563 ita
583 2492 673 2563 facili
690 2515 793 2563 eursu
811 2491 982 2576 feruntur,
1003 2490 1150 2587 simplici
1169 2500 1203 2562 et
1219 2488 1326 2561 nobili

307 2615 491 2688 verborum
513 2617 747 2713 complexione
772 2616 907 2703 fluunt,
935 2641 1010 2714 quae
1028 2615 1177 2689 consulis
1194 2622 1326 2713 majes-

308 2753 414 2814 tatem
432 2753 466 2814 et
483 2743 679 2842 religiosam
699 2745 825 2816 mentis
845 2744 950 2817 iidem
967 2745 1098 2841 spirare
1115 2742 1264 2816 videtur.

356 2872 395 2941 ln
412 2869 533 2942 eodem
548 2883 751 2969 argumento
764 2883 866 2969 poeta
878 2896 983 2968 quam
1000 2869 1160 2943 dissimili
1178 2893 1215 2940 se
1227 2890 1325 2939 more

308 2992 416 3090 gerit!
429 2995 618 3068 Verborum
638 2997 782 3068 circuitu
794 2997 907 3092 gravis
922 3006 956 3066 et
972 2995 1153 3066 intricatus
1170 2990 1323 3066 anhelat.

307 3117 400 3189 Nihil
417 3120 514 3213 ponit
539 3118 633 3214 quod
658 3118 766 3190 nitido
796 3129 914 3190 tenore
938 3129 973 3190 et
999 3117 1119 3190 ordine
1147 3118 1327 3190 continens

309 3252 409 3337 apto,
439 3241 593 3313 clausula
612 3241 701 3314 felici
727 3242 874 3314 desinat.
896 3243 946 3314 Sit
964 3243 1001 3313 in
1028 3241 1185 3337 exemplo
1213 3241 1327 3338 prima

310 3366 491 3461 periodus,
521 3365 626 3463 qdam
653 3368 807 3440 omnium
839 3369 913 3439 sine
940 3367 1172 3439 controversia
1186 3364 1327 3464 ¹judices

310 3493 489 3586 optimam.
508 3493 685 3565 Absolutis
704 3517 786 3564 sane
800 3494 953 3565 numeris
973 3491 1276 3574 circumscribitur,
1298 3489 1328 3560 si

311 3624 447 3688 tantum
464 3617 604 3690 auribus
629 3617 734 3690 fidem
752 3617 964 3690 adhibueris.
986 3621 1067 3689 Tres
1085 3617 1187 3714 primi
1206 3639 1327 3689 versus

232 3809 237 3822 ,
312 3739 447 3813 duobus
474 3742 604 3816 ultimis
632 3745 798 3818 concinne
824 3745 994 3816 nituntur.
1013 3744 1059 3816 At
1076 3766 1181 3816 sensu
1199 3764 1328 3816 nume-

312 3890 431 3938 rorum
447 3868 629 3940 concordia
646 3869 818 3942 turbatur.
836 3871 925 3942 Nam
946 3895 955 3942 ε

437 4088 570 4155 AEtheris
580 4094 684 4156 eterni
697 4099 780 4176 septa
792 4099 884 4174 atque
894 4095 1009 4160 inclusa
1019 4096 1170 4168 cavernis,
