2954 4776
715 343 897 406 -tes-

346 487 424 556 Herc
434 485 505 554 fere
518 492 601 554 sunt
615 487 689 578 ejus
701 489 904 578 argumente
921 503 931 551 ε
953 479 1067 562 «Quis
1083 475 1170 551 odeo
1183 478 1313 576 fungus

296 606 448 681 escleto.
466 633 482 676 r
499 609 544 680 Et
556 605 637 678 inde
653 605 827 684 concludit
843 627 914 678 non
929 603 1083 676 Ciceroni
1095 625 1234 689 venem,
1251 603 1314 676 scd

295 739 433 826 tempus
458 740 494 800 et
514 728 728 801 voluntatem
753 725 921 812 defuisse3
941 727 996 798 sin
1011 715 1146 812 minus,
1172 728 1314 826 «longo
1376 794 1381 804 .

296 853 438 949 quidem
464 851 644 925 intervallo
668 875 806 938 omnes,
827 854 932 924 etiem
950 852 1192 951 Virgilium,e
1217 861 1317 952 tergo

248 1057 249 1064 ἵ
296 977 505 1074 reliquisset.
528 961 562 1044 iv

344 1099 482 1173 Saeonlis
505 1097 640 1173 dnobus
667 1096 898 1203 interpositis,
925 1119 995 1172 non
1014 1098 1101 1171 odeo
1121 1097 1316 1191 Volteiree

297 1227 440 1298 Ferrarii
457 1225 626 1298 sententie
638 1221 778 1297 recedit.
793 1226 993 1298 Ciceronem
1006 1223 1100 1296 haud
1117 1223 1319 1298 dubitanter

297 1351 407 1444 poetis
423 1350 598 1435 inserens,
618 1345 716 1421 illum
732 1351 836 1421 etiem
849 1348 893 1422 de
905 1351 1017 1447 primo
1029 1347 1141 1448 gradu
1157 1371 1238 1421 cum
1251 1351 1318 1422 Ln-

297 1473 402 1545 cretio
429 1471 605 1578 decertem
631 1471 828 1558 contendit,
860 1483 895 1544 ct
919 1469 1201 1550 modicensibus
1229 1463 1318 1544 nihil
1453 1525 1454 1552 t

296 1598 515 1692 prestantius
535 1595 727 1690 existimet..
742 1599 836 1682 Quos
855 1621 925 1670 non
936 1679 937 1682 p
948 1598 1021 1668 sine
1040 1595 1150 1686 multo
1169 1605 1320 1676 cuncte-

275 1794 276 1798 ,
298 1721 414 1807 tione,
436 1734 470 1795 et
494 1743 621 1819 magne
645 1724 698 1794 sui
723 1722 914 1795 diffidentis
931 1731 1131 1804 convertere
1151 1720 1318 1807 molitum

299 1848 537 1944 expressisque
553 1845 727 1934 intimet,
749 1859 789 1920 ut
811 1848 1016 1944 exemplaris
1036 1847 1094 1920 vix
1107 1839 1322 1918 lineamenta

299 1970 457 2068 quedem
475 1995 512 2043 se
529 1970 754 2056 adumbrasse
772 1970 933 2042 letentur·

240 2165 243 2171 s
348 2098 445 2171 ldem
456 2119 538 2172 vero
551 2117 654 2182 suunt
667 2098 904 2174 testimonium
918 2095 1049 2191 invitus
1062 2093 1195 2180 ,elevem
1209 2115 1322 2192 quum

300 2234 428 2294 temere
452 2221 619 2294 malevolo
645 2221 796 2293 consulis
823 2219 969 2292 deriscri
996 2220 1168 2292 Ciceronis
1191 2222 1327 2292 certis-
1365 2241 1369 2250 ·

301 2347 389 2418 sime
407 2344 565 2440 quedem
580 2343 747 2417 adscribit
767 2343 833 2440 (1).
1052 2339 1056 2348 '

348 2469 459 2567 Hujus
475 2479 592 2543 temen
608 2469 785 2540 sententie
802 2469 1011 2566 suffragatus
1027 2463 1238 2551 Middleton,
1254 2468 1328 2540 vir-

22 2589 23 2598 ’
155 2601 157 2609 ’
228 2671 230 2676 ,
301 2590 433 2664 tutibus
445 2592 604 2663 oratoriis
615 2593 687 2662 rim
704 2591 832 2688 ingenii
848 2591 1018 2687 poeticam
1036 2610 1107 2661 non
1123 2589 1325 2662 inferiorem

300 2717 453 2789 futuram
477 2715 631 2789 Ciceroni
657 2716 782 2800 foisse,
809 2716 984 2811 ciperem
1010 2712 1202 2786 excolende
1225 2717 1326 2812 poesi

184 2841 186 2846 ’
302 2863 421 2916 curam
437 2837 682 2939 impendisset,
701 2851 818 2938 aperte
837 2836 1019 2935 declaret(
1045 2837 1073 2936 l.

240 3011 246 3019 =·
345 2969 568 3046 Menenius
588 2978 709 3040 contre
731 2961 845 3051 dolet,
863 2965 955 3062 quod
981 2987 1022 3036 ee
1045 2963 1149 3056 fuerit
1167 2961 1325 3035 Ciceroni

303 3094 425 3176 virtus,
440 3103 479 3164 ut
492 3091 638 3164 ridenda
654 3103 814 3187 poemate
827 3100 878 3162 tot
891 3090 988 3162 libris
1004 3078 1230 3174 immiscuerit
1252 3086 1321 3184 (3).

351 3214 714 3312 Nostristemporibns
733 3215 769 3285 in
788 3237 897 3286 unum
914 3213 1118 3318 conspirent
1128 3213 1218 3283 inter
1234 3235 1327 3308 poe-

305 3350 359 3411 tes
375 3351 410 3412 et
427 3341 562 3414 criticos
577 3339 779 3412 doctissimi.
798 3339 1011 3442 Lamentine,
1028 3343 1125 3435 cujus
1140 3359 1268 3408 nomen
1285 3337 1324 3406 in
1453 3327 1454 3420 ζ

304 3488 341 3536 re
361 3465 531 3550 temleri,
549 3447 684 3561 precor,
699 3464 800 3538 liceat
814 3463 1010 3560 appellere,
1026 3462 1199 3534 Ciceronis
1216 3460 1324 3530 etiam
1453 3529 1454 3560 ,

304 3589 444 3659 Marium
468 3587 632 3660 laudibus
647 3588 799 3673 extollit,
820 3598 854 3660 ct
873 3587 1026 3684 opinioni
1052 3608 1189 3683 quoque
1208 3583 1326 3655 relrn-
1453 3567 1454 3636 Ϊ

305 3722 420 3809 gater,
433 3722 472 3783 ut
484 3712 656 3798 Volteirc,
671 3736 740 3809 qna
751 3711 961 3784 carminibus
974 3711 1121 3796 oratori,
1142 3719 1181 3781 ut
1196 3733 1325 3806 perum
1453 3745 1454 3822 ζ

343 3912 380 3976 (t)
398 3911 476 3964 nome
489 3907 600 3976 sancte,
615 3908 689 3979 prael.

342 4006 379 4073 (2)
402 4005 464 4058 Vita
479 4004 630 4073 Ciceronis,
646 4005 737 4061 ultimo
751 4003 829 4060 libro.

344 4106 378 4173 (3]
400 4104 507 4158 l'oeticc
520 4101 654 4158 d'Oresio.
672 4103 738 4159 Nola
749 4102 867 4162 intersit
882 4103 945 4158 304.
