2954 4776
581 343 762 402 -ttt-

167 472 266 544 lacile
288 471 525 556 crederemus,
549 496 658 568 quum
675 475 712 544 in
727 485 904 548 oratorum
918 475 1054 574 dialogo
1077 497 1182 572 repe-

167 599 301 670 riatur:
329 599 530 670 «Fecerunt
555 599 682 670 Brutus
708 609 742 670 et
772 600 883 672 Caesar
908 601 1082 684 carmina,
1111 623 1181 672 non

164 707 291 822 melius
307 745 412 817 quam
434 722 573 806 Cicero,
595 721 656 794 sed
681 721 833 807 felicius,
855 724 937 818 quia
958 722 1035 795 illos
1060 724 1182 796 fecisse

165 848 345 943 pauciores
363 847 487 919 sciunt.
507 875 523 914 s

215 975 292 1069 Ipse
309 971 541 1057 Quintilianus
561 973 716 1044 carmina
731 972 903 1044 Ciceronis
921 983 982 1044 aut
999 973 1183 1044 miseratur

165 1107 227 1168 aut
245 1119 406 1168 excusare
429 1095 606 1170 contendit
626 1095 691 1191 (1).
716 1095 891 1168 luvenalis
911 1096 959 1194 (2)
984 1106 1018 1168 et
1036 1098 1183 1168 Martia-

163 1219 207 1292 lis
227 1219 298 1317 (3),
321 1232 360 1293 ut
376 1233 456 1318 pote
475 1221 535 1317 qui
553 1219 732 1294 deridendi
752 1222 862 1319 magis
880 1245 986 1318 quam
1006 1222 1042 1292 in
1067 1221 1183 1316 aliquo

163 1344 305 1418 dolendi
322 1355 462 1441 captent
477 1347 712 1427 occasionem,
734 1346 808 1418 sine
826 1345 898 1418 ulla
914 1345 1101 1418 verborum
1117 1347 1183 1417 oir-

165 1470 338 1554 onitione,
356 1470 553 1542 Ciceronem
571 1479 710 1566 poetam
726 1469 939 1567 discerpunt.

213 1597 330 1680 Quum
345 1595 453 1694 igitur
467 1619 588 1668 omnes
603 1595 674 1668 lere
688 1597 834 1670 Romani
847 1593 1010 1670 videntur
1024 1603 1183 1667 auctores

164 1721 336 1794 Ciceronis
366 1743 486 1792 versus
514 1719 673 1794 deserere
700 1730 734 1792 et
762 1719 935 1816 prodere,
963 1745 1006 1792 en
1036 1720 1184 1792 occurrit

164 1869 296 1942 graecus
321 1845 381 1942 qui
404 1846 550 1917 oratoris
572 1869 680 1917 musa
705 1846 939 1942 patrocinetur
963 1845 1029 1942 (d).
1058 1849 1183 1918 Secum

163 1971 310 2044 fortasse
339 1981 476 2068 reputat
508 1994 577 2067 quo
613 1969 694 2043 felix
726 1971 819 2042 exitu
852 1972 968 2042 Cicero
997 1970 1108 2041 multa
1139 1969 1184 2040 de

164 2095 290 2169 Graeois
303 2094 529 2179 transtulerit,
544 2103 578 2165 et
591 2105 689 2191 grato
701 2095 915 2190 memorique
929 2093 1044 2166 annno
1056 2102 1184 2166 nostra

164 2222 343 2294 sententia
359 2221 486 2318 justior
502 2217 699 2290 auxiliatur.

214 2345 334 2419 Saeculi
351 2346 437 2417 sexti
455 2343 579 2416 decimi
603 2345 810 2417 sententiam
832 2342 875 2416 de
893 2342 1065 2415 Ciceronis
1089 2342 1184 2437 poesi

163 2467 218 2541 uel
246 2469 340 2542 solus
358 2471 457 2540 ioan.
485 2468 657 2541 Ferrarius
686 2467 879 2566 significare
898 2476 1034 2564 potest,
1057 2466 1184 2562 quippe

166 2592 242 2686 qui,
255 2615 362 2687 quum
377 2601 535 2663 veterum
548 2590 725 2687 pleraque,
744 2603 818 2664 tum
836 2615 978 2664 suorum
996 2590 1182 2686 equalium

167 2715 335 2811 praecipua
352 2714 549 2786 testimonia
561 2725 736 2810 congerat.
753 2716 863 2810 Hujus
881 2715 1055 2785 acerrima
1068 2712 1185 2784 defen-

167 2841 273 2913 sionis
306 2849 510 2937 argumenta
543 2838 702 2937 colligere
729 2861 821 2910 nunc
850 2835 950 2910 nobis
972 2861 1042 2910 non
1068 2848 1181 2910 vacat.

164 2965 324 3038 Auctoris
341 2961 556 3061 propositum
572 2972 607 3034 et
623 2961 801 3034 urbanitas
820 2960 875 3032 vel
892 2961 947 3034 his
965 2961 1122 3034 versibus
1141 2965 1185 3033 od

162 3091 305 3162 lectorem
322 3088 406 3162 satis
423 3097 568 3185 patent:

286 3275 355 3337 Huc
369 3275 453 3348 ades,
470 3271 569 3336 invitis
586 3251 707 3336 carmen
720 3279 772 3356 qni
786 3275 913 3336 scribere
927 3277 1019 3336 musis

327 3385 455 3446 Romani
472 3385 599 3462 eloquii,
618 3384 727 3458 credis,
745 3387 863 3464 inepte,
882 3388 1019 3463 patrem3

289 3494 327 3556 st
341 3495 395 3556 tibi
411 3513 479 3573 quae
492 3498 593 3555 nostro
606 3495 734 3555 candore
747 3496 882 3573 paratur,
898 3491 1027 3571 opellam

328 3602 373 3664 Ne
388 3620 496 3682 sperne
511 3623 520 3663 ι
535 3619 667 3663 errorem
682 3599 839 3662 submovet
851 3598 905 3659 illa
919 3601 1024 3660 tunm.

198 3827 236 3895 (t)
257 3827 423 3897 lactaret,
438 3828 457 3884 l.
473 3844 518 3897 xi,
534 3841 593 3898 cap.
608 3829 636 3884 2.

201 3925 239 3993 (2)
257 3925 461 3994 luvenal.‚Sot.
477 3929 512 3995 9,
526 3939 594 3982 vers.
612 3926 673 3979 trs.

202 4021 239 4089 (3)
259 4019 383 4083 Martini..
398 4017 435 4075 od
451 4019 582 4077 Goumm.

203 4115 239 4183 (i)
261 4115 327 4174 Plut.
339 4117 427 4186 ,er'to
443 4117 595 4186 Ciceronis,
611 4129 670 4187 cap.
686 4119 714 4172 Ξ.
