2966 4776
744 363 905 424 ...46-

364 498 416 570 Ex
432 497 486 569 his
503 496 679 582 omnibus,
698 520 773 593 que
791 499 907 570 minus
925 499 1099 572 notatione
1116 497 1221 597 digna
1233 509 1330 583 sunt,

317 632 352 694 et
373 646 448 718 quae
472 622 665 721 significare
690 623 775 694 satis
795 633 867 707 est,
889 622 1078 694 extremam
1101 622 1191 694 hanc
1212 623 1334 720 perio-

317 747 402 820 dum
420 749 637 843 seponimus,
654 772 730 844 quae
743 748 884 844 quidem
896 747 1080 847 fragmenti
1093 750 1212 846 prima·
1226 746 1335 822 simil-

316 870 419 956 lima,
439 895 515 943 eam
541 871 652 944 colore
677 873 809 967 poetico
832 870 933 969 longe
956 882 1106 969 praestat.
1128 873 1190 946 Hic
1215 884 1334 947 autem

316 1021 435 1070 versus
453 1000 543 1071 inter
560 1009 699 1072 ceteros
721 998 875 1070 eminet:
1277 992 1280 1000 ’

439 1211 587 1286 Uberibus
602 1214 731 1288 gravidis
744 1213 826 1274 vitali
840 1229 906 1273 rore
920 1211 1048 1287 rigabat.

317 1428 421 1524 Cujus
436 1424 551 1522 imago
567 1422 694 1519 duplex
705 1447 781 1494 rem
799 1421 974 1519 eleganter
986 1431 1021 1492 et
1034 1444 1193 1516 expresse
1207 1421 1332 1520 pingit.

317 1551 493 1635 Quantum
514 1573 595 1620 vero
621 1547 664 1619 ab
693 1547 846 1620 oratione
874 1546 986 1618 soluta
1009 1544 1156 1618 recedit!
1182 1547 1336 1618 «Tactus

317 1687 370 1748 est
395 1676 499 1746 etiam
523 1673 597 1758 ille,
620 1674 679 1769 qui
700 1671 791 1744 hanc
810 1670 933 1745 urbem
950 1670 1121 1757 condidit,
1142 1670 1333 1755 Romulus,

318 1823 422 1896 quem
448 1800 646 1869 inauratum
666 1799 703 1867 in
720 1796 887 1893 Capitolio
909 1820 1054 1893 parvum
1074 1806 1177 1892 atque
1198 1794 1337 1867 lacten-

317 1937 400 2011 tem,
417 1923 582 1997 uberibus
599 1924 726 2020 lupinis
744 1923 949 2008 inhiantem,
963 1923 1069 1995 fuisse
1087 1923 1329 1994 meministis.»

323 2079 338 2119 «
353 2053 500 2122 Parvum
515 2059 620 2145 atque
633 2048 847 2120 lactentem»
863 2048 1024 2146 imaginis
1039 2046 1257 2144 simplicitate
1272 2047 1336 2117 eir·

317 2177 449 2249 cuitum
480 2175 760 2274 elegantiorem:
797 2173 929 2244 «vitali
962 2197 1040 2244 rore
1071 2172 1228 2272 rigabat;
1250 2199 1266 2239 r
1287 2214 1337 2224 -
1464 2257 1465 2272 χ

323 2329 340 2369 u
359 2300 522 2374 uberibus
540 2299 668 2395 lupinis
685 2297 905 2369 inhiantem»
927 2297 1116 2394 praesertim
1138 2324 1153 2364 s
1173 2293 1338 2369 uberibus

318 2422 501 2520 gravidis»
525 2421 634 2492 multo
652 2430 804 2516 superat.

367 2549 508 2619 Constat
534 2547 651 2643 igitur,
677 2547 715 2616 in
740 2545 804 2616 hac
833 2554 951 2642 perte,
976 2546 1175 2618 Ciceronem
1200 2556 1339 2643 poetam

317 2697 398 2744 cum
423 2684 558 2746 oratore
585 2694 806 2768 nequaquam
831 2670 995 2768 pingendi
1022 2672 1120 2767 copia
1146 2671 1336 2744 decertare.

319 2799 438 2872 Paucis
452 2797 598 2882 additis,
611 2798 792 2893 utriusque
805 2798 1098 2893 comparationem
1111 2795 1336 2870 absolvimus.

319 2927 539 3023 Prosequitur
556 2935 682 3021 poeta:

399 3152 480 3214 Tum
492 3151 559 3229 quis
573 3167 644 3221 non,
661 3151 734 3210 artis
748 3148 857 3226 scripta
870 3165 905 3208 ac
912 3151 1110 3210 monumenta
1119 3150 1274 3225 volutans,

400 3262 494 3324 Voces
507 3257 657 3319 tristificas
672 3256 784 3318 chartis
796 3257 954 3336 promebat
968 3258 1110 3319 etruscis?

401 3370 514 3433 Omnes
531 3367 609 3430 civili
630 3381 773 3442 generosa
791 3337 838 3426 ab'
849 3366 939 3445 stirpe
954 3365 1116 3445 proiectam

401 3481 504 3543 Vitare
517 3481 669 3553 ingentem
685 3475 801 3536 cladem
816 3479 991 3554 pestemque
1006 3475 1184 3552 monebaut3

403 3586 575 3663 veltegum
591 3589 716 3648 exitium
730 3587 879 3647 constanti
893 3601 965 3645 voce
981 3582 1132 3672 serebant,

404 3696 530 3774 Templa
543 3699 694 3774 deumque
709 3697 782 3758 adeo
797 3695 926 3756 [lammis
942 3695 1107 3773 urbemque
1119 3692 1266 3773 jubebant

404 3802 541 3881 Eripere,
558 3807 587 3862 et
601 3807 732 3876 stragem
746 3799 921 3862 horribilem
937 3801 1109 3878 caedemque
1122 3800 1235 3872 vereri,

407 3911 504 3988 Atque
519 3910 583 3970 baec
596 3909 656 3970 fixa
672 3910 756 3982 gravi
769 3908 830 3969 lato
845 3925 879 3968 ac
892 3906 1019 3970 lundata
1033 3908 1142 3981 teneri,

406 4017 443 4078 Ni
456 4021 537 4098 post,
554 4015 706 4077 excelsum
721 4017 758 4075 ad
773 4015 914 4076 columen
928 4014 1057 4077 formata
1071 4014 1193 4086 decore,

407 4127 515 4193 Sancto
526 4127 605 4192 lovis
617 4127 729 4212 species
744 4125 840 4196 claros
852 4131 1000 4210 spectaret
1012 4128 1044 4190 in
1059 4129 1161 4188 ortus:

430 4422 993 4754 “stt
