2994 4774
745 346 782 358 ..
805 312 845 372 eg

325 446 457 520 monita
472 469 651 542 nunquam
671 443 904 542 respondeat?
922 443 1012 517 lllud
1040 445 1219 518 inventum
1238 445 1338 516 Cice-

324 571 399 643 roni
415 571 497 644 vitio
515 570 612 656 dare,
632 569 731 643 nohis
749 569 946 642 deredioulo
964 569 1064 644 foret.
1085 571 1209 641 Orator
1233 568 1339 666 igitur

322 697 359 766 in
376 695 587 768 carminibus
607 696 710 767 etiam
726 696 929 792 permansit.
949 697 1046 780 Quae,
1064 693 1164 766 nohis
1181 691 1336 790 quidem,

322 831 362 891 nt
380 819 566 917 plerisque,
596 819 789 918 singularis
804 821 934 918 ingenii
962 820 1152 918 pervicacia
1168 843 1239 890 non
1258 842 1339 891 om-

322 945 404 1019 uino
420 945 516 1040 poesi
530 945 723 1018 consentire
744 945 894 1020 videtur.

370 1069 446 1141 Non
469 1068 595 1154 desunt
613 1080 730 1142 tamen
748 1071 809 1166 qui
831 1093 940 1166 quum
956 1070 993 1141 in
1012 1078 1147 1141 oratore
1165 1089 1339 1140 summam

321 1193 519 1266 inveniendi
537 1195 710 1290 reperiant
725 1194 932 1280 ubertatem,
954 1193 1113 1266 eamdem
1124 1203 1234 1290 poeta
1248 1192 1340 1265 Cice·-

321 1317 397 1388 roni
414 1320 607 1392 necessario
621 1319 823 1416 contigisse,
843 1329 903 1391 aut
914 1319 1070 1392 futurum
1082 1319 1189 1390 fuisse
1205 1327 1245 1389 ut
1258 1341 1338 1388 con·

321 1438 487 1536 tingeret,
507 1441 672 1513 acerrime
691 1440 913 1516 contendant.
932 1439 1038 1514 Nobis
1056 1452 1174 1514 autem
1190 1439 1339 1512 alterum

322 1587 364 1636 ex
381 1564 489 1638 altero
519 1576 644 1638 natura
661 1567 825 1663 consequi
844 1558 986 1637 minime
1016 1576 1163 1638 constat.
1192 1565 1286 1636 Licet
1300 1565 1339 1636 in

321 1713 447 1786 genere
470 1689 634 1786 quodam,
661 1701 697 1762 at
720 1715 790 1762 non
812 1692 850 1762 in
867 1689 1028 1762 omnibus
1051 1690 1219 1762 invenias.
1239 1689 1338 1761 Docti

321 1837 412 1909 saepe
429 1814 493 1886 viri
511 1825 545 1886 et
558 1815 696 1913 ingenio
718 1826 903 1910 praetante
919 1813 1124 1911 philosova
1137 1815 1227 1884 mira
1244 1837 1339 1909 qua-

322 1936 404 2008 dam
420 1938 635 2036 excogitandi
655 1939 816 2013 facultate
831 1937 1116 2036 praecelluerunt,
1137 1962 1224 2035 quos
1247 1938 1340 2010 inter

321 2063 522 2148 Descartes‚
539 2062 802 2148 Malehranehe‚
823 2063 943 2136 Pascal
953 2065 990 2136 in
1002 2061 1199 2159 exemplum
1213 2061 1338 2134 afferre

321 2211 391 2259 non
407 2186 597 2262 absurdum
617 2201 681 2263 est.
704 2192 779 2275 Quo
796 2213 878 2262 vero
897 2191 1011 2286 poesis
1032 2189 1146 2262 studio
1162 2187 1340 2286 flagrave-

320 2313 390 2385 rint
412 2316 586 2387 neminem
608 2316 708 2413 fugit.
733 2316 810 2410 Ipse
828 2315 946 2388 Pascal
971 2339 992 2386 a
1015 2326 1196 2412 poetarum
1213 2323 1339 2386 natura

320 2458 390 2506 non
420 2435 506 2507 adeo
533 2435 669 2509 videtur
697 2436 904 2523 abhorrere,
933 2438 1061 2535 quippe
1092 2437 1147 2510 cui
1179 2460 1339 2510 sermone

320 2581 572 2656 nonnunquam
589 2561 722 2656 poetico
742 2586 822 2635 suas
845 2563 988 2660 pingere
1007 2563 1195 2648 sententias
1219 2573 1276 2646 et,
1297 2571 1338 2634 nt

320 2683 369 2754 ita
394 2682 526 2769 dicam,
553 2683 708 2781 sculpere
736 2687 925 2783 contingat.
950 2685 1180 2758 Nihilominus
1208 2687 1338 2760 acriore

319 2810 452 2904 poesim
468 2810 584 2882 animo
605 2810 758 2897 deridet,
778 2812 908 2887 nedum
925 2811 1018 2887 illius
1037 2813 1177 2886 inventa
1193 2811 1339 2883 miretur

319 2945 380 3008 aut
396 2937 611 3010 attrectanda
628 2949 735 3010 curet.
758 2940 993 3012 Memorantur
1008 2938 1101 3010 enim
1117 2935 1335 3032 paucissimi,

319 3059 381 3154 qui
398 3059 624 3155 multiplicem
640 3061 837 3132 inveniendi
854 3062 1052 3134 facultatem
1068 3062 1119 3131 ita
1138 3061 1250 3132 sortiti
1266 3061 1338 3134 sue·

318 3181 410 3267 rint,
429 3192 469 3253 ut
495 3183 532 3254 in
560 3184 710 3256 scientiis
733 3185 861 3281 pariter
883 3196 917 3257 et
937 3186 974 3256 in
996 3185 1120 3258 litteris
1139 3185 1337 3258 inventione

319 3305 512 3383 floruerint.
540 3309 616 3405 Ipse
637 3308 754 3396 Plato,
774 3333 884 3407 quum
900 3310 990 3382 inter
1006 3309 1230 3406 philosophos
1248 3333 1338 3407 poe-

319 3433 386 3504 tieo
402 3432 551 3518 maxime
566 3433 714 3530 riguerit
731 3432 889 3531 ingenio,
911 3458 1026 3506 nonne
1049 3435 1256 3507 Socraticam
1276 3433 1336 3508 do-

319 3578 416 3628 mum
430 3556 621 3652 ingressus,
637 3555 682 3630 ab
693 3558 833 3632 Homeri
847 3559 964 3630 statim
976 3557 1157 3654 disciplina
1169 3555 1336 3630 descivit?

366 3675 413 3746 At
429 3700 537 3772 quum
555 3681 712 3774 proxima
731 3681 818 3766 sint,
837 3680 912 3766 vol,
934 3691 975 3752 ut
989 3680 1133 3777 quidam
1150 3690 1332 3766 asserunt,

318 3823 427 3896 quum
442 3801 564 3874 eadam
575 3805 781 3878 inventionis
795 3815 920 3878 natura
935 3805 1004 3878 duo
1020 3829 1148 3904 genera
1160 3815 1331 3891 constent,

317 3948 380 3997 cur
408 3924 556 3998 alterurn
582 3928 695 4002 eidem
721 3929 899 4014 concedis,
925 3929 1073 4002 alterum
1091 3953 1172 4002 vero
1200 3927 1333 4026 negas?

318 4047 408 4142 Quid
420 4059 538 4124 autem
555 4050 743 4126 inventioni
756 4053 896 4151 poetica
908 4053 1053 4128 similius
1066 4077 1172 4152 quam
1184 4053 1333 4128 oratoria
