2994 4774
582 360 744 418 ...41-

169 495 425 580 administrata,
456 506 495 566 ut
519 494 664 568 deorum
688 493 935 566 immortalium
957 504 1045 567 nutu
1074 505 1178 590 atquc

170 620 309 694 consilio
338 630 372 692 ct
394 630 502 720 gesta*
516 630 551 691 et
576 619 714 716 provisa
745 641 820 690 esse
846 618 1039 692 videantur.
1072 618 1179 716 quue

170 771 278 843 quum
295 753 490 844 conjectura
506 745 669 841 consequi
685 769 890 841 possumus,
910 744 1003 840 quod
1016 746 1073 816 vix
1088 744 1180 818 uide·
1254 841 1258 852 Ι

170 884 227 944 tur
241 872 384 944 humani
401 871 533 943 consilii
552 881 727 942 tantarum
747 894 864 942 rerum
885 870 1087 968 guhematio
1104 894 1181 942 esse

170 998 344 1094 potuissc;
379 1007 453 1068 tum
483 1019 564 1068 vero
593 998 642 1067 ita
671 1005 855 1092 prasentes
882 996 937 1066 his
969 994 1182 1091 temporibus

171 1145 272 1218 opem
291 1126 325 1193 e't
340 1121 505 1192 auxilium
521 1119 620 1192 nobis
638 1120 810 1206 tulerunt,
830 1129 870 1192 ut
887 1144 945 1192 eos
963 1139 1058 1216 paene
1075 1119 1183 1192 oculis

171 1245 286 1319 videre
297 1247 655 1343 possemus.Nam,.ut
667 1244 726 1317 illa
734 1245 904 1331 omittam,
915 1247 1007 1317 visas
1016 1255 1185 1317 nocturno

172 1384 326 1468 ternpore
354 1370 397 1443 ab
430 1370 604 1443 occidente
629 1370 740 1454 faces,
767 1369 993 1466 ardoremque
1021 1367 1117 1454 coeli,
1146 1378 1187 1440 ut

173 1493 356 1566 fulminum
373 1493 483 1577 ictus,
502 1501 542 1564 ut
557 1491 648 1578 haec,
669 1516 744 1588 quae
762 1517 853 1565 nunc
869 1493 978 1577 fiunt,
999 1514 1121 1563 canere
1137 1489 1186 1561 dii

173 1616 384 1690 immortales
397 1615 609 1701 viderentur,
622 1614 688 1687 hoe
699 1626 808 1701 certe,
824 1615 987 1704 Quirites,
1003 1614 1188 1712 quodsum

174 1741 350 1827 dicturus,
372 1765 484 1838 neque
502 1740 846 1837 praetermittendum,
863 1764 976 1838 neque
993 1739 1190 1836 relinquen·

176 1868 378 1940 dumest.»

225 1994 323 2065 Nunc
340 2003 478 2089 poetam
497 1990 679 2063 audiamus
700 2017 709 2062 :

260 2256 425 2336 Principio,
442 2254 566 2316 astherio
580 2254 752 2316 flammatus
764 2253 880 2334 Jupiter
894 2256 956 2330 igni

259 2363 406 2439 Vertitur,
424 2367 453 2424 et
467 2369 567 2425 totum
582 2364 738 2425 collustrat
750 2364 866 2425 lumine
885 2365 1049 2439 mundum,

262 2473 423 2552 Menteque
439 2475 539 2536 divina
555 2474 666 2536 ooelum
677 2477 832 2552 terrasque
848 2476 992 2554 petessit:

262 2579 337 2654 Quae
351 2585 469 2660 penitus
482 2601 583 2644 sensus
597 2585 754 2645 homiuum
767 2585 903 2661 vitasque
916 2585 1062 2660 retentat,

261 2685 391 2746 AEtheris
407 2691 511 2748 aeterni
524 2693 608 2768 septa
623 2693 714 2766 atque
729 2691 842 2750 inclusa
856 2691 1003 2750 cavernis.

264 2789 314 2863 Et,
331 2793 356 2850 si
372 2792 526 2852 stellarum
541 2798 640 2852 motus
654 2813 818 2871 cursusque
831 2799 975 2868 vagantes

265 2897 356 2960 Nosse
369 2900 458 2975 velis,
476 2919 543 2978 quae
557 2902 616 2960 sint
629 2904 781 2976 signorum
789 2905 826 2963 *in
840 2904 908 2963 sede
921 2903 1042 2976 locata,

267 3007 351 3086 (Quae
366 3011 457 3071 uerbo
470 3014 500 3071 et
513 3010 593 3072 falsis
607 3011 781 3074 Graecorum
795 3013 916 3073 vocibus
929 3017 1045 3084 errant,

265 3119 380 3180 Revera
397 3124 477 3182 certo
494 3121 580 3200 lapsu
596 3124 750 3201 spatioque
763 3120 926 3204 feruntur)

265 3223 375 3288 Omnia
385 3226 450 3305 jam
464 3245 567 3288 cernes
580 3228 680 3290 divina
694 3233 795 3290 mente
809 3233 925 3290 notata.

267 3333 344 3396 Nam
355 3337 487 3415 primum
497 3341 646 3400 astrorum
660 3340 810 3414 volucres,
824 3344 853 3400 te
865 3339 1002 3410 conside,
1018 3341 1118 3398 motus

269 3443 495 3524 Concursusque
509 3467 612 3522 graves
628 3450 783 3514 stellarum
798 3450 904 3510 ardore
915 3450 1072 3520 micantes,

269 3551 316 3612 Tu
327 3571 461 3631 quoque,
476 3574 571 3632 quum
586 3555 718 3616 tumulos
727 3556 843 3616 Albano
855 3557 887 3614 in
901 3558 1002 3615 monte
1013 3551 1127 3614 nivales

268 3661 428 3738 Lustrasti,
445 3669 475 3724 et
486 3665 554 3725 lacto
567 3668 703 3727 mactasti
716 3665 795 3726 lacte
809 3663 947 3736 Latinas,

270 3768 393 3845 Vidisti,
412 3775 442 3832 et
456 3773 536 3833 claro
551 3773 696 3834 tremulos
709 3774 814 3834 ardore
829 3776 975 3833 cometas

271 3877 428 3957 Multaque
442 3883 560 3941 misceri
574 3887 719 3943 nocturna
733 3885 831 3954 strage
845 3882 958 3959 putasti
974 3901 982 3940 τ

272 3986 361 4061 Quod
377 3989 471 4051 ferme
487 3991 587 4051 dirum
600 3993 633 4051 in
653 3996 772 4071 tempus
784 3990 916 4051 cecidere
933 3988 1064 4062 Latinas,

274 4093 376 4168 Quum
389 4099 501 4160 claram
515 4101 644 4180 speciem
659 4103 796 4162 concreto
806 4099 921 4160 lumine
934 4097 1008 4160 luna
