2954 4776
560 353 744 412 -139-

147 489 183 551 L.
208 491 263 562 15,
280 487 332 548 13.
589 485 635 547 Da
648 479 724 547 lein
736 502 905 546 sermonem
921 491 952 546 et
964 505 1087 565 perseca

350 595 390 655 111
409 594 535 669 confice,
554 597 666 670 excite,
683 593 845 674 compella,
862 594 996 672 loquere.

147 704 183 766 L.
207 705 259 780 13,
281 707 333 765 51.
756 703 835 763 Bene
849 706 948 775 cocio,

349 809 486 884 Condito,
507 804 644 872 sermone
657 811 746 885 bono,
762 816 810 885 et,
827 813 851 872 si
866 812 979 890 quaeri’,
996 811 1135 874 libenter.

120 963 123 968 -
147 922 186 983 L.
207 923 258 995 11,
280 921 332 982 il.
353 919 416 982 lloc
430 926 576 994 metuere,
593 920 724 982 alierum
737 922 769 982 in
784 924 869 981 melu
883 938 943 981 non
956 938 1079 999 ponere.

146 1030 185 1092 L.
210 1033 261 1105 15,
284 1031 334 1092 11.
354 1029 414 1092 Nec
426 1030 636 1110 Pelopidarum
649 1028 729 1092 iacta
742 1049 842 1109 neque
853 1028 967 1092 lamam
980 1031 1113 1093 audiam.

195 1261 251 1333 Ad
270 1263 374 1354 samer.
397 1263 500 1354 epm.

144 1485 181 1546 L.
212 1484 252 1559 2,
284 1483 316 1544 8.
350 1479 688 1558 Quoredatehomini3
705 1481 931 1563 complectetur,
947 1481 1135 1544 mihicrede.

184 1626 226 1640 -
292 1593 325 1653 9.
347 1589 416 1650 Non
428 1589 542 1668 edepol,
559 1595 703 1669 quantam
718 1593 814 1666 egeris
823 1611 888 1653 rem
900 1611 999 1670 neque
1012 1595 1161 1670 quantum

877 1699 1002 1784 [facinus
1017 1699 1160 1762 feceris...

346 1805 523 1867 Incredibile
536 1807 595 1867 hoc
608 1805 691 1868 iactu
707 1808 887 1886 objicitur...

348 1912 459 1973 lncessi
471 1912 611 1972 omnibus
621 1912 770 1974 laetitiis...

349 2019 413 2094 Ego
426 2020 615 2101 voluptatem
628 2024 721 2083 animi
735 2023 899 2084 nimiam...

146 2134 184 2195 L.
217 2134 247 2206 7,
269 2132 319 2194 10.
342 2132 402 2192 Aut
421 2131 602 2193 consolando
614 2138 668 2194 aut
683 2133 805 2195 consilio
818 2138 871 2195 aut
887 2153 920 2195 re
931 2135 1052 2213 juvero.

192 2279 229 2291 -
274 2245 324 2304 ld.
343 2243 409 2304 Non
421 2261 458 2304 ex
469 2243 539 2322 jure
555 2262 681 2305 monum
705 2249 891 2319 consertum,
911 2245 962 2304 sed
983 2260 1072 2317 mage
1084 2240 1165 2303 ierro

350 2349 424 2411 Rem
437 2355 590 2430 repetunt.

145 2458 183 2519 L.
210 2459 247 2532 9,
276 2457 328 2518 26.
352 2455 451 2532 Quem
461 2459 686 2541 exspectabant,
703 2460 790 2540 cujus
799 2459 838 2521 ob
850 2477 883 2521 os
897 2457 979 2522 Graii
994 2476 1048 2519 ora
1058 2457 1165 2519 obver-

967 2564 1084 2650 [lebant
1096 2585 1162 2628 suo.

408 2960 479 3023 Vidi
495 2977 529 3021 ac
542 2957 672 3039 perlegi,

186 3121 318 3185 Luietim
338 3122 538 3197 Parisiorum,
558 3123 590 3184 in
609 3119 758 3194 Sorbona,
783 3119 852 3198 ipsis
870 3118 991 3182 kalend.
1015 3119 1162 3200 septemb.

146 3251 219 3294 ann.
235 3251 259 3296 u
279 3250 353 3294 occo
367 3251 436 3307 cvr,

188 3389 346 3453 Facultotir
360 3391 523 3453 litterarum
538 3389 570 3448 in
586 3384 738 3448 ocadmnia
752 3385 911 3447 Poricienci
928 3385 1064 3458 moeror,
1126 3441 1131 3453 ,

594 3544 735 3608 L-Vrcr.
755 3543 806 3606 LE
827 3543 963 3608 CLERG.

371 4113 490 4165 l’oilierr.
498 4137 531 4150 -
539 4109 706 4177 imprimerio
717 4109 750 4160 dc
761 4109 793 4162 N.
806 4108 948 4159 lironem.
