2994 4774
708 344 851 401 ..4.-

268 475 368 548 lianae
396 497 504 548 mnsae
533 474 681 571 speciem
710 475 920 560 intueamur,
950 487 985 546 et
1012 486 1181 572 qnantum
1211 480 1285 573 ejus

266 601 461 698 fragmenta
484 600 727 696 suppeditant,
747 599 803 672 vel
820 601 924 672 unius
947 601 1060 698 operis
1077 599 1283 683 consilium,

267 737 302 798 et
328 727 460 822 poetice
485 723 640 822 fingendi
669 726 993 822 praestantissimam
1022 726 1221 799 facultatem
1249 725 1286 796 in

266 860 406 948 auctore
423 848 737 946 deprehendamus.
752 850 836 934 Qua
848 874 957 947 quum
973 851 1011 922 in
1028 849 1121 922 illius
1137 839 1286 946 propriis

265 974 477 1047 carminibus
494 986 631 1048 tantum
651 975 806 1072 patelieri
823 977 954 1072 possit,
975 999 1016 1048 ea
1029 998 1187 1061 seorsum
1202 997 1288 1070 per-

266 1100 418 1197 pendere
438 1101 609 1199 congruit.
636 1101 717 1172 Haec
735 1101 841 1199 igitur
853 1101 1014 1196 'primum
1033 1109 1215 1172 attrectare
1234 1121 1288 1168 ra-

265 1226 359 1313 tione
378 1249 448 1296 non
468 1225 621 1298 alienum
640 1236 706 1297 est.
732 1226 847 1310 Quum
866 1237 1002 1310 autem,
1024 1224 1078 1296 his
1104 1223 1288 1322 diligenter

265 1349 440 1444 excussis,
458 1359 568 1447 poetae
585 1358 740 1420 mentem
756 1358 790 1420 et
805 1348 985 1445 ingenium
999 1349 1083 1422 satis
1097 1346 1287 1445 disperisse

265 1476 380 1548 visum
396 1475 523 1559 fuerit,
544 1473 657 1557 illins,
679 1483 719 1545 ut
735 1473 784 1545 ita
801 1472 938 1557 dicam,
959 1471 1132 1558 habitum,
1153 1483 1187 1544 et
1204 1496 1287 1544 ora-

266 1601 370 1674 tionis
388 1601 559 1683 sormam,
580 1622 650 1695 qua
666 1621 730 1670 sna
748 1598 878 1691 Tullius
896 1599 1138 1683 exornaverit,
1160 1599 1287 1671 exami-

265 1723 419 1796 nandam
436 1721 657 1817 suscipimus.
875 1711 878 1718 ’

314 1847 401 1919 Hinc
418 1845 462 1920 ad
479 1844 623 1916 alteram
638 1844 782 1942 hujusce
801 1843 1045 1940 disputationis
1061 1853 1198 1940 partem
1215 1844 1287 1917 adi-

265 1983 322 2043 tus
339 1981 404 2042 est.
424 1971 616 2044 Converso's
634 1980 752 2042 antem
768 1970 964 2042 aCicerone
979 1971 1177 2042 Graecorum
1193 1968 1287 2041 locos

264 2095 314 2166 ita
331 2092 460 2190 duplici
478 2092 621 2165 consilio
639 2092 896 2189 prosequimur,
919 2103 958 2164 ut
977 2093 1130 2188 primum
1146 2091 1190 2164 ab
1208 2092 1288 2162 alie-

180 2207 181 2212 *
265 2221 340 2303 nis,
359 2243 437 2314 quae
455 2218 671 2291 transtulerit
687 2219 785 2313 ipse,
807 2241 1050 2301 secernamus,
1069 2229 1104 2289 et
1120 2211 1287 2312 interpre-

264 2355 337 2416 tem
360 2327 485 2416 deinde
500 2340 649 2412 Tullium
672 2357 752 2410 cum
768 2347 908 2434 auctore
924 2336 1033 2407 Tullio
1052 2336 1282 2430 conferamus.

265 2472 352 2540 Tum
377 2466 470 2538 enim
496 2473 683 2558 utrumque
717 2459 835 2532 licebit
864 2457 1058 2530 accuratius
1085 2457 1282 2541 aestimare,

265 2616 329 2664 suo
343 2611 516 2686 quemque
533 2585 643 2683 gradu
654 2583 851 2667 collocare,
871 2594 905 2655 et
923 2583 1149 2678 praestantiae,
1169 2583 1200 2655 si
1216 2605 1287 2680 qna

267 2724 467 2798 succurrat,
492 2734 613 2783 causas
633 2709 850 2781 manifestius
873 2710 1087 2807 expromere.
1108 2710 1202 2794 Quas
1226 2709 1287 2784 ubi

267 2844 419 2940 primurn
443 2835 637 2936 significare
654 2860 858 2910 concessum
874 2836 1000 2921 luerit,
1023 2848 1096 2909 tam
1114 2835 1288 2908 discordia

267 2977 424 3040 veterum
439 2975 474 3035 et
490 2963 722 3036 recentiorum
735 2960 778 3034 de
793 2963 965 3033 Ciceronis
979 2962 1112 3055 poetica
1125 2957 1287 3029 facultate

268 3087 466 3164 testimonia
488 3082 759 3168 recensebimus,
779 3092 835 3167 et,
854 3083 910 3156 his
934 3091 1131 3178 pronastro
1156 3079 1287 3178 judicio

270 3213 486 3312 compositis,
505 3209 587 3283 huic
606 3209 702 3306 operi
722 3207 802 3280 finis
819 3207 1028 3304 imponetur.
