2954 4776
502 1221 847 1313 terrun-lx.

217 1812 279 1884 Hic
307 1811 462 1883 omnium
486 1810 636 1884 indicem
662 1810 862 1909 subjicimus
887 1811 1063 1894 locorum,
1095 1812 1176 1906 qui,

168 1934 262 2031 apud
279 1935 489 2020 Ciceronem,
503 1935 631 2006 nullius
648 1935 796 2006 auctoris
815 1937 954 2008 nomme
966 1938 1177 2033 praescriptc,

165 2060 364 2132 criticorum
387 2067 582 2158 conjectura
612 2070 672 2131 ant
695 2061 998 2156 grammaticorum
1021 2061 1176 2161 judicio,

165 2186 270 2258 variis
289 2184 504 2272 auctoribus,
522 2186 661 2284 tragicis
679 2195 741 2257 aut
753 2186 906 2272 comicis,
920 2185 1175 2260 adscribuntur.

92 2289 94 2292 ⁵
217 2312 535 2404 luciacensium.

167 2517 202 2577 L.
226 2520 259 2589 2,
276 2516 328 2576 27.
351 2516 528 2577 Alcmaeonis
542 2513 762 2590 fragmentum,
783 2522 814 2578 et
827 2518 957 2579 alterum
972 2515 1095 2578 lliones:
1116 2595 1121 2602 ⁹

352 2625 458 2699 Mater,
474 2629 505 2686 te
521 2626 653 2704 appelle,
671 2632 730 2687 etc.

199 2771 233 2779 -
276 2735 326 2796 28.
348 2734 524 2816 Niptrorum
538 2731 661 2795 fortasse
676 2732 770 2808 trag„
790 2739 821 2795 et
841 2735 970 2798 alterurn
984 2735 1176 2798 Alcmeonis:

218 2921 256 2989 ln
275 2916 372 2991 libris
389 2919 436 2989 De
450 2920 564 3012 ficibus
580 2920 731 2990 bonorum
748 2921 958 2990 etmalorum.

167 3125 202 3185 L.
230 3126 264 3197 2,
297 3125 329 3184 4.
350 3123 447 3184 Tanta
462 3121 580 3196 laetitia,
597 3127 643 3183 etc
648 3165 709 3183 .....

352 3233 436 3292 Nunc
450 3231 589 3304 demum,
607 3234 654 3291 etc
658 3273 721 3291 .....

352 3341 533 3420 Quanquam
547 3341 611 3402 hcc
624 3342 701 3401 inter
715 3355 783 3415 ncs,
804 3344 860 3400 etc.

168 3454 204 3514 L.
231 3453 266 3526 2,
292 3457 326 3512 6.
350 3451 462 3514 Omnes
475 3452 570 3512 Danai
584 3453 674 3526 atque
690 3449 897 3528 Mycenenses,
914 3451 973 3506 etc.

194 3595 236 3608 -
276 3562 328 3622 22.
351 3561 446 3621 Nemo
460 3562 527 3638 pius
538 3564 599 3632 est,
617 3561 669 3636 qui
681 3561 835 3638 pietatem,
851 3560 908 3617 etc.

195 3703 238 3716 -
278 3668 330 3730 29.
354 3666 443 3741 Quod
452 3665 577 3746 ejuiutu,
592 3668 712 3742 questu,
726 3665 856 3739 gemitu,
871 3661 1050 3736 fremitibus,
1063 3667 1151 3724 etc...

352 3773 407 3836 Cui
420 3776 552 3852 viperino
565 3790 666 3833 morsu
681 3789 766 3832 venas
778 3772 942 3844 viscerum,
960 3774 1017 3838 etc.

168 3887 206 3946 L.
230 3886 260 3954 5,
282 3885 332 3946 10.
353 3883 429 3945 Mihi
442 3883 482 3943 sic
495 3887 568 3944 us'us
585 3886 649 3955 est,
666 3885 725 3942 etc.

196 4027 238 4042 -
285 4013 330 4056 xi.
351 3993 491 4068 Refugiat
502 3993 599 4054 subito
614 4009 764 4067 sanguen,
780 3994 839 4051 etc.

194 4101 237 4154 —'
278 4109 329 4166 22.
352 4103 416 4178 Ego
429 4121 496 4166 sum
511 4101 645 4165 Orestes.
695 4130 698 4138 ·
