2994 4774
593 329 751 390 *51*

163 463 334 559 loquentis
352 461 480 560 effigies
496 483 559 536 nec
575 462 742 557 tempori,
760 483 825 535 nec
839 459 944 536 robus
960 459 1090 536 absona
1107 463 1176 537 dis-

165 587 319 658 sentiret.
345 589 412 658 Res
429 597 546 660 amen
565 597 599 658 et
623 610 779 684 persona
800 588 930 684 pariter
941 595 1057 686 jacent
1074 614 1084 662 ι
1102 587 1177 662 hac

163 713 279 786 omnia
299 723 437 787 mortua
453 723 548 790 suat.
567 713 677 796 Quem
701 713 793 784 enim
811 736 830 784 e
849 714 921 786 suis
940 713 1112 788 coloribus
1127 717 1177 788 ita

161 838 270 910 menti
288 847 414 911 nosce
434 838 572 934 penitus
595 837 789 933 impressit,
806 847 847 910 ut
864 859 944 908 eum
965 849 1125 935 agentem
1142 849 1177 910 el

160 961 355 1047 viventem,
381 973 416 1034 et
440 973 521 1034 ante
543 961 660 1035 oculos
678 961 826 1034 fideliter
847 961 1057 1058 exscriptum
1074 961 1177 1035 nobis

160 1083 418 1180 proponamus?
432 1085 592 1172 Nullum,
611 1111 715 1183 quem
731 1086 930 1160 meminisse
949 1085 1071 1159 saltem
1088 1111 1176 1183 pos-

161 1208 283 1282 simus.
301 1212 430 1306 Omnes
444 1235 463 1282 e
478 1212 645 1284 memoria
659 1237 815 1308 prorsus,
829 1223 869 1284 ut
884 1211 1016 1284 umhrae
1031 1223 1173 1298 tenues,

159 1333 268 1429 elapsi
283 1345 377 1408 suut.
398 1336 700 1408 Nomiuaatontum
717 1335 930 1432 superfuere.
952 1335 1023 1407 Aul
1044 1336 1176 1431 siquid

159 1459 299 1530 omnino
311 1469 438 1544 restat,
454 1485 523 1556 quo
537 1459 637 1533 liceat
653 1483 773 1534 eorum
787 1461 926 1558 ingenie
939 1459 1039 1532 uobis
1053 1483 1176 1532 rursus

158 1605 321 1666 euocare,
352 1583 418 1658 hoe
449 1605 559 1658 unum
588 1597 642 1658 est
665 1612 674 1658 :
701 1597 741 1658 ut
768 1595 968 1683 poematum
994 1609 1172 1682 persona,

157 1725 245 1803 quas
259 1713 334 1805 jam
351 1708 547 1806 attigimus,
568 1709 618 1781 ita
632 1707 848 1807 dialogorum
861 1718 1015 1794 actores,
1029 1709 1176 1781 oratoris

157 1830 283 1916 modo,
302 1833 416 1928 polius
434 1855 555 1906 causas
578 1855 679 1930 agere
696 1856 803 1929 quam
821 1830 1034 1904 confabulari
1048 1830 1175 1904 viden·-

157 1958 288 2028 tur.·ln
306 1958 457 2030 maximo
469 1959 517 2027 De
535 1973 657 2030 oratore
673 1956 823 2054 dialogo,
841 1957 897 2028 vel
912 1958 948 2028 in
966 1959 1111 2030 minimo
1128 1961 1176 2030 De

156 2095 321 2165 meloto,
348 2082 492 2154 Crassus
509 2091 548 2152 et
568 2081 653 2153 ‘Cato
675 2081 805 2176 pariter
826 2091 949 2166 oront,
970 2104 1041 2152 nou
1063 2081 1176 2153 collo-

157 2211 325 2296 quantur.

205 2323 282 2409 Quo
295 2325 409 2399 minor
424 2325 631 2399 inventionis
645 2325 787 2422 poetica
800 2323 946 2398 facultas
961 2325 999 2398 iu
1012 2325 1176 2400 Cicerone

157 2460 312 2536 constet,
329 2475 393 2526 nos
406 2449 516 2548 pudet
531 2450 631 2524 illum
644 2450 777 2524 Platoni
792 2449 967 2534 conferre,
989 2451 1100 2522 strix
1116 2473 1176 2521 ne·

157 2597 252 2648 cesse
268 2576 419 2650 videtur.
445 2577 582 2661 Quanta
600 2577 693 2650 enim
711 2575 834 2670 peritia
857 2597 966 2648 soenae
983 2573 1100 2647 locum
1118 2573 1175 2646 hic

159 2695 285 2791 eligat,
320 2717 426 2792 quam
461 2699 635 2794 eleganter
671 2708 705 2768 et
737 2699 823 2770 scito
858 2696 987 2794 dialogi
1020 2695 1176 2770 fabulam

159 2817 312 2905 ordinet,
328 2831 363 2892 et
375 2818 421 2892 ad
435 2830 595 2893 eventum
607 2820 787 2916 ingeniosa
799 2821 999 2892 circmtione
1012 2820 1173 2905 deducat,

158 2959 264 3038 quam
289 2943 423 3018 felicem
445 2943 663 3042 ingeniorum
688 2941 754 3014 sihi
771 2943 1039 3041 repugnantium
1056 2942 1177 3016 diver-

157 3067 295 3138 sitatem
322 3065 504 3150 exhibeat,
534 3089 603 3162 quo
630 3089 729 3138 mens
757 3064 868 3138 obiter
893 3091 973 3140 cum
999 3066 1175 3164 voluptate

157 3188 333 3276 doceatur,
353 3191 528 3262 neminem
545 3213 627 3262 sane
644 3190 807 3286 preterit.
822 3191 886 3262 Hic
899 3189 1058 3264 homines
1075 3190 1175 3264 uobis

157 3326 362 3402 occurrunt,
384 3339 454 3391 non
473 3313 604 3394 umbrae
628 3340 638 3386 ι
659 3315 800 3400 vivunt,
820 3325 949 3412 agunt,
969 3317 1124 3388 sentiunt
1141 3327 1177 3388 et

157 3442 300 3538 Gorgias
315 3453 350 3514 et
365 3443 507 3538 Hippias
523 3451 557 3512 et
570 3439 766 3516 Alcibiades
780 3451 815 3514 et
832 3442 1006 3526 Socrates,
1024 3451 1061 3512 ol
1076 3441 1176 3512 innu-

156 3567 341 3642 merabiles
368 3567 448 3653 olii,
468 3568 528 3664 qui
547 3566 598 3643 sie
622 3591 660 3642 os
688 3591 790 3642 suum
818 3576 853 3638 et
872 3589 987 3640 mores
1013 3577 1049 3640 et
1072 3567 1176 3665 iuge-

157 3691 256 3767 nium
283 3693 319 3764 in
353 3702 472 3766 nostra
502 3692 670 3766 momoria
695 3689 908 3776 defixerunt,
937 3701 978 3764 ut
1006 3713 1065 3764 eos
1093 3690 1176 3764 olim

158 3817 294 3896 novisse
304 3816 508 3902 credamus;
522 3817 583 3914 qui
595 3816 645 3892 sio
653 3839 735 3890 vcro
747 3839 906 3891 somnone
916 3815 1172 3913 colloquamur,

158 3951 198 4012 ut
213 3941 279 4036 ipsi
295 3965 374 4014 cum
390 3941 458 4016 illis
476 3941 590 4014 adhuc
606 3939 817 4014 confabulari
833 3939 933 4014 nobis
948 3939 1141 4015 videamur.

191 4065 305 4150 ¹Quod
325 4091 408 4140 vero
422 4067 533 4164 magis
551 4065 655 4138 eliam
677 4064 796 4138 mirari
813 4089 1018 4162 possumus,
1039 4065 1097 4140 ille
1112 4066 1174 4163 qui
