2954 4776
735 349 918 408 -l2l-

314 497 378 548 suo
402 476 607 561 consulatu,
633 475 720 550 nihil
747 479 837 576 agit;
869 460 1008 552 auditor
1029 489 1166 552 tantum
1189 479 1337 568 adstat,

314 607 375 668 ant
382 599 413 670 si
426 598 544 670 forsan
555 599 751 686 interfatur,
765 623 881 674 coram
894 601 975 687 diis,
991 627 1092 674 suam
1101 605 1175 700 ipse
1187 604 1341 703 gloriam

308 723 495 818 jactatione
511 722 679 795 venditet.
700 723 938 809 Quorumdam
963 725 1120 822 exemplo
1138 729 1342 800 Graecerum

314 843 513 916 Ciceronem
531 845 762 928 Quintilianus
782 857 943 933 excuset,
963 846 1181 944 aliquatenus
1200 850 1343 922 intelli-

314 968 419 1065 gitur.
453 961 604 1042 Fuerunt
632 972 778 1045 fortasse
808 973 1001 1068 superiores
1031 983 1170 1069 poetae,
1204 975 1265 1069 qui
1298 999 1341 1048 se

316 1091 460 1165 deorum
492 1094 634 1167 concilio
665 1095 826 1168 linxerint
856 1095 1040 1167 admissos.
1072 1096 1196 1169 Nullus
1225 1121 1337 1186 vero,

316 1217 409 1312 quod
425 1217 582 1305 credam,
603 1217 668 1292 sibi
685 1219 829 1292 deorum
849 1243 1012 1291 coronam
1030 1220 1278 1308 circumdedit,
1297 1234 1342 1295 ut

316 1364 393 1436 quae
412 1342 575 1439 gessisset
591 1344 666 1439 ipse
682 1341 875 1414 doceretur.
897 1342 927 1413 A
943 1341 1009 1415 diis
1023 1342 1185 1439 equidem
1203 1347 1341 1417 moneri

315 1475 436 1560 poeta,
456 1465 599 1536 minime
615 1487 696 1537 vere
714 1462 850 1536 laudari
872 1466 996 1561 patuit.
1024 1465 1109 1551 Quis
1135 1467 1229 1540 enim
1247 1468 1342 1540 inter

315 1598 435 1684 poetas
452 1611 581 1685 graecm
596 1598 668 1660 tam
683 1587 847 1684 praeclare
864 1588 963 1661 iactis
984 1589 1184 1662 nobilitatus
1203 1601 1275 1677 est,
1299 1603 1342 1664 ut

316 1712 470 1808 ipsorum
494 1711 742 1798 immortalium
761 1711 989 1784 admiratione
1012 1736 1049 1784 se
1070 1713 1215 1812 dignum
1239 1713 1342 1786 arbi-

317 1830 489 1906 traretur?
507 1831 606 1905 Unde
621 1833 823 1918 Quintiliani
841 1857 925 1931 pace
940 1834 1108 1919 dixerim,
1127 1836 1193 1909 hoc
1208 1861 1340 1909 nerum

316 1957 486 2052 poematis
502 1980 633 2056 genus,
655 1981 676 2030 a
694 1959 876 2045 Cicerone,
895 1983 966 2032 nen
984 1960 1034 2032 ita
1049 1959 1192 2033 feliciter
1211 1961 1340 2033 inven-

317 2090 393 2151 tum
420 2080 547 2168 fuisse,
574 2105 643 2179 quo
665 2082 713 2156 dii
739 2085 912 2156 terrestris
939 2081 1065 2156 fabula
1088 2083 1183 2156 velut
1206 2094 1340 2157 actores

318 2200 540 2276 inducantur.

366 2327 402 2399 Si
428 2353 510 2401 vcro
539 2327 633 2401 istud
663 2331 777 2425 operis
810 2328 1015 2414 consilium,
1048 2326 1156 2400 semel
1192 2327 1343 2400 institu-

318 2459 413 2532 tum,
443 2451 596 2522 Ciceroni
627 2449 717 2522 male
758 2451 885 2534 cessit,
911 2450 947 2520 in
974 2449 1067 2522 idem
1097 2449 1152 2522 bis
1176 2449 1344 2524 incidisse

319 2582 449 2668 quanto
475 2574 590 2645 nunus
609 2573 859 2671 ignoscendum
879 2571 954 2645 est!
974 2576 1062 2646 Sunt
1079 2585 1195 2646 autem
1218 2575 1279 2670 qui
1295 2574 1343 2647 ad

319 2719 443 2794 poema
474 2699 522 2769 Dc
549 2703 732 2791 temporibus
759 2703 822 2770 suis
852 2700 1109 2774 excusationem
1136 2699 1344 2784 Quintiliani

319 2820 482 2894 reserant.
500 2822 615 2906 Quum
631 2823 736 2920 igitur
753 2832 886 2894 constet
908 2824 1108 2895 Ciceronem
1127 2822 1164 2892 in
1187 2823 1343 2896 carmine

320 2941 364 3015 de
385 2943 566 3016 consulatu
592 2944 660 3017 diis
684 2945 886 3021 immintum¹
906 2944 1063 3029 adstare,
1085 2944 1114 3016 si
1142 2967 1264 3016 rursus
1290 2943 1344 3015 illi

320 3063 513 3138 coelestium
525 3065 651 3137 chorus
665 3087 846 3162 assurgere
858 3065 1023 3162 fingatur,
1039 3089 1111 3138 nen
1124 3065 1344 3164 excogitandi

322 3209 422 3259 suam
440 3186 634 3262 ubertatem
652 3200 762 3284 pocta
774 3189 969 3287 gratuleris.
985 3192 1060 3287 Ego
1071 3214 1168 3277 vero,
1186 3190 1343 3264 medium

322 3311 413 3384 inter
426 3311 562 3387 critices
575 3311 641 3384 iter
652 3322 794 3397 tenens,
807 3336 877 3384 non
888 3311 1094 3385 crediderim
1107 3315 1235 3386 iterum
1250 3313 1344 3386 coeli-

219 3429 227 3450 “
324 3437 407 3510 colis
421 3461 458 3510 se
470 3439 658 3512 inseruisse
674 3438 891 3525 Ciceronem,
912 3437 973 3510 sed
990 3437 1081 3535 apud
1101 3459 1344 3537 superosque-

325 3587 393 3658 que
416 3565 464 3634 Dc
487 3569 669 3657 temporibus
696 3567 759 3635 sais
783 3564 936 3637 fabulam
963 3564 1105 3662 peragi,
1131 3588 1240 3661 quum
1266 3565 1342 3660 ipse

325 3686 479 3760 dixerit:
501 3716 517 3756 c
539 3692 658 3785 Itaque
675 3689 859 3761 mirificum
885 3697 995 3774 ε’μΰὸλων
1018 3689 1130 3786 cogito
1156 3689 1193 3761 in
1213 3711 1342 3761 secun-

326 3811 410 3886 dum
433 3835 590 3886 meorum
611 3812 779 3886 librorum
800 3811 997 3898 includere,
1024 3811 1196 3884 dicentem
1214 3810 1343 3908 Apolli-

320 3961 406 4012 nem
423 3937 459 4009 in
476 3938 619 4010 concilio
636 3937 799 4024 deorum,
819 3938 931 4036 qualis
953 3937 1085 4011 reditus
1103 3935 1253 4010 duorum
1268 3938 1340 4008 im-

326 4073 524 4160 peratorum
540 4060 676 4134 futurus
695 4072 798 4134 esset.
819 4091 836 4130 r
858 4060 911 4133 Ad
928 4061 1114 4145 Quintum,
1135 4057 1160 4130 l.
1182 4062 1224 4143 3,
1246 4064 1278 4145 1,
1299 4064 1336 4132 7.

482 4484 712 4744 ff
769 4368 1209 4742 hl
1322 4533 1325 4544 ·
