2966 4776
717 282 879 342 ...64-

645 412 684 474 Ut
697 417 812 476 veteres
827 417 957 476 statuere
974 416 1079 492 1101111,

380 521 508 584 AEterno
511 563 575 581 .....

294 727 444 801 lntmdit
461 728 497 798 in
523 728 650 800 Aratea
672 730 803 802 Cicero.
828 731 978 802 Proximi
1003 741 1160 826 septem,
1189 756 1205 798 1
1226 719 1309 804 Jove

294 862 434 924 auctore
456 879 471 919 1
495 862 630 924 tautum
646 853 792 938 omisso,
811 853 954 925 feliciter
972 853 1135 925 evadunt.
1152 842 1252 926 Unde
1269 854 1311 925 fit

294 987 333 1047 ut
345 1031 354 1060 ,
368 976 404 1046 in
415 975 489 1048 loco
506 977 596 1049 inter
606 979 775 1074 pessimos
794 977 914 1062 electo,
935 1003 1025 1050 unus
1040 977 1179 1050 omnino
1196 975 1311 1048 malus

293 1123 413 1171 versus
441 1111 609 1172 occurrat.
642 1102 826 1174 Consulatus
843 1100 898 1172 vel
927 1101 1058 1196 optima
1085 1098 1213 1196 legenti
1239 1121 1310 1170 nou

295 1223 345 1294 ita
360 1246 524 1319 prospere
541 1222 644 1295 cedit.
1086 1227 1089 1238 ‘

343 1350 540 1420 Proximum
554 1346 677 1420 iisdem
702 1345 907 1432 virtutibus,
923 1347 1102 1443 multoque
1119 1347 1313 1420 minoribus

295 1474 385 1544 vitiis
403 1472 581 1554 refertum,
604 1492 622 1542 1
639 1473 852 1541 Phaenomenis
869 1471 983 1544 locum
1001 1473 1215 1568 excerpimus
1237 1471 1309 1568 (llz

376 1695 443 1774 Ipse
458 1698 560 1755 autem
573 1694 677 1755 labens
690 1695 794 1755 multis
808 1695 913 1772 Equus
932 1693 983 1754 ille
996 1699 1116 1756 tenetur

376 1803 521 1864 Piscibus.
539 1803 618 1864 Huic
634 1807 734 1865 1111111
748 1805 854 1866 dextra
875 1805 1024 1866 mulcetur
1042 1807 1166 1884 Aquari.

377 1915 478 1977 Serius
491 1915 556 1976 haec
566 1916 771 1984 obitusterra'r'
784 1917 871 1995 jussit
885 1915 965 1992 Equi
979 1916 1039 1988 vis,

377 2023 492 2098 Quam,
512 2025 645 2099 gelidum
658 2024 757 2087 valido
773 2025 941 2106 depectere
961 2023 1055 2099 frigus
1069 2023 1227 2097 anhelans,

377 2131 507 2214 Corpore
523 2135 679 2208 semifero,
701 2153 810 2210 magno
825 2133 1021 2214 Capricornus
1035 2135 1066 2192 111
1082 2132 1169 2209 01111;

376 2243 476 2318 Quem
490 2265 586 2324 quum
599 2250 743 2325 perpetuo
757 2246 876 2305 vestivit
891 2244 1006 2305 lumine
1023 2243 1132 2316 Titan,

376 2351 511 2414 Brumali
523 2353 645 2413 [lectens
659 2355 837 2430 contorquet
852 2357 986 2430 tempore
1002 2369 1138 2412 currum.

377 2459 532 2520 Boccare
550 2463 579 2520 tc
596 2463 687 2538 ponto
703 2460 822 2520 studeas
839 2460 1026 2520 committere
1040 2477 1157 2536 mense3

377 2565 455 2627 Nam
468 2585 528 2628 non
541 2567 741 2646 longinquum
754 2570 884 2649 spatium
898 2569 999 2630 labere
1011 2569 1153 2629 diurnum
1164 2586 1172 2644 3

376 2671 442 2733 Non
455 2673 580 2736 hiberna
594 2677 651 2736 cito
666 2678 803 2738 volvetur
819 2675 968 2737 curriculo
981 2695 1057 2753 nox;

376 2770 510 2845 Humida
523 2803 583 2847 nou
597 2803 661 2848 sese
674 2788 779 2849 vestris
797 2806 905 2848 aurora
919 2787 1049 2865 querelis

378 2889 470 2952 Ocius
485 2894 636 2969 ostendet,
655 2895 728 2957 clari
751 2897 924 2975 praenuntia
942 2895 1010 2956 solis
1019 2915 1031 2970 ;r

377 2998 417 3058 nt
430 3001 535 3060 validis
548 3020 651 3080 aequor
664 3004 794 3080 pulsabit
807 3003 920 3062 viribus
935 3004 1044 3064 Auster
1057 3021 1065 3060 ε

380 3107 459 3168 Tum
473 3108 568 3168 fixum
584 3110 714 3170 tremulo
730 3112 882 3188 quatietur
900 3110 1011 3185 lrigore
1026 3128 1145 3190 corpus.
1233 3170 1243 3188 ,

378 3213 435 3277 Sed
449 3220 551 3279 tamen
566 3220 636 3278 anni
645 3219 709 3298 jam
723 3219 868 3281 labuntur
885 3225 1020 3300 tempore
1034 3225 1112 3295 toto,

377 3323 439 3388 Nec
456 3329 506 3388 cui
519 3329 674 3402 signorum
689 3328 812 3402 cedunt,
829 3348 927 3408 neque
943 3329 1065 3391 flamina
1078 3332 1185 3404 vitant,

377 3433 440 3497 Neo
453 3441 593 3500 metuunt
606 3455 695 3499 canos
712 3439 862 3499 minitanti
879 3456 1035 3499 murmure
1049 3439 1168 3501 fluctus.

348 3653 388 3723 ln
403 3655 515 3748 primo
532 3678 635 3726 versu
657 3682 673 3721 1
693 3652 826 3739 multis,
849 3683 865 3722 1
890 3678 998 3751 quum
1015 3656 1059 3728 sit
1074 3652 1166 3751 apud
1186 3663 1311 3726 aucto-

299 3797 374 3847 rem
399 3774 565 3862 ‹biuis,›
586 3777 813 3875 negligentius
828 3776 965 3851 excidit.
979 3779 1111 3852 Tertius
1129 3801 1216 3875 agre
1235 3799 1310 3848 sen·
1384 3851 1391 3868 Ι

338 4023 374 4092 (t)
392 4021 492 4094 Nobbe,
505 4025 566 4082 289.
