<?xml version="1.0" encoding="UTF-8"?>
<!DOCTYPE html PUBLIC "-//W3C//DTD XHTML 1.0 Transitional//EN"
    "http://www.w3.org/TR/xhtml1/DTD/xhtml1-transitional.dtd">
<html xmlns="http://www.w3.org/1999/xhtml" xml:lang="en" lang="en">
 <head>
  <title>
</title>
<meta http-equiv="Content-Type" content="text/html;charset=utf-8" />
  <meta name='ocr-system' content='tesseract 3.04.00' />
  <meta name='ocr-capabilities' content='ocr_page ocr_carea ocr_par ocr_line ocrx_word'/>
</head>
<body>
  <div class='ocr_page' id='page_1' title='image "./depoeticamtulli00fagugoog_0042.png"; bbox 0 0 2994 4774; ppageno 0'>
   <div class='ocr_carea' id='block_1_1' title="bbox 616 375 807 434">
    <p class='ocr_par' dir='ltr' id='par_1_1' title="bbox 616 375 807 434">
     <span class='ocr_line' id='line_1_1' title="bbox 616 375 807 434; baseline -0.021 -14"><span class='ocrx_word' id='word_1_1' title='bbox 616 375 807 434; x_wconf 43' lang='lat'><strong>45...</strong></span> 
     </span>
    </p>
   </div>
   <div class='ocr_carea' id='block_1_2' title="bbox 117 505 1234 2337">
    <p class='ocr_par' dir='ltr' id='par_1_2' title="bbox 117 497 1234 2337">
     <span class='ocr_line' id='line_1_2' title="bbox 189 505 1234 608; baseline 0.003 -28"><span class='ocrx_word' id='word_1_2' title='bbox 189 505 404 605; x_wconf 87' lang='lat' dir='ltr'>aliquantum</span> <span class='ocrx_word' id='word_1_3' title='bbox 422 509 587 581; x_wconf 86' lang='lat' dir='ltr'>resarcire</span> <span class='ocrx_word' id='word_1_4' title='bbox 609 507 722 580; x_wconf 89' lang='lat' dir='ltr'>liccat.</span> <span class='ocrx_word' id='word_1_5' title='bbox 746 511 817 582; x_wconf 91' lang='lat' dir='ltr'>Hoc</span> <span class='ocrx_word' id='word_1_6' title='bbox 840 511 945 606; x_wconf 80' lang='lat' dir='ltr'>igitur</span> <span class='ocrx_word' id='word_1_7' title='bbox 969 535 1039 582; x_wconf 88' lang='lat' dir='ltr'>non</span> <span class='ocrx_word' id='word_1_8' title='bbox 1062 511 1199 608; x_wconf 90' lang='lat' dir='ltr'>impro-</span> <span class='ocrx_word' id='word_1_9' title='bbox 1231 587 1234 592; x_wconf 69' lang='grc'>,</span> 
     </span>
     <span class='ocr_line' id='line_1_3' title="bbox 187 625 1200 732; baseline 0.002 -28"><span class='ocrx_word' id='word_1_10' title='bbox 187 632 301 705; x_wconf 88' lang='lat' dir='ltr'>bando</span> <span class='ocrx_word' id='word_1_11' title='bbox 318 655 506 718; x_wconf 88' lang='lat' dir='ltr'>consensu,</span> <span class='ocrx_word' id='word_1_12' title='bbox 527 625 606 704; x_wconf 78' lang='lat' dir='ltr'>libri</span> <span class='ocrx_word' id='word_1_13' title='bbox 621 634 763 706; x_wconf 86' lang='lat' dir='ltr'>secundi</span> <span class='ocrx_word' id='word_1_14' title='bbox 778 634 971 732; x_wconf 80' lang='lat' dir='ltr'>fragmenta</span> <span class='ocrx_word' id='word_1_15' title='bbox 988 660 1056 731; x_wconf 92' lang='lat' dir='ltr'>quo</span> <span class='ocrx_word' id='word_1_16' title='bbox 1072 635 1200 708; x_wconf 87' lang='lat' dir='ltr'>suerint</span> 
     </span>
     <span class='ocr_line' id='line_1_4' title="bbox 187 756 1200 856; baseline 0.002 -26"><span class='ocrx_word' id='word_1_17' title='bbox 187 759 329 830; x_wconf 87' lang='lat' dir='ltr'>consilio</span> <span class='ocrx_word' id='word_1_18' title='bbox 349 769 383 830; x_wconf 89' lang='lat' dir='ltr'>et</span> <span class='ocrx_word' id='word_1_19' title='bbox 401 770 516 830; x_wconf 90' lang='lat' dir='ltr'>mente</span> <span class='ocrx_word' id='word_1_20' title='bbox 534 756 658 830; x_wconf 90' lang='lat' dir='ltr'>collata</span> <span class='ocrx_word' id='word_1_21' title='bbox 676 759 888 856; x_wconf 82' lang='lat' dir='ltr'>dispicimus.</span> <span class='ocrx_word' id='word_1_22' title='bbox 907 763 1035 833; x_wconf 83' lang='lat' dir='ltr'>Urania</span> <span class='ocrx_word' id='word_1_23' title='bbox 1047 761 1200 833; x_wconf 85' lang='lat' dir='ltr'>coelestia</span> 
     </span>
     <span class='ocr_line' id='line_1_5' title="bbox 187 882 1199 982; baseline 0 -27"><span class='ocrx_word' id='word_1_24' title='bbox 187 882 436 968; x_wconf 86' lang='lat' dir='ltr'>velterrestria‚</span> <span class='ocrx_word' id='word_1_25' title='bbox 446 907 521 978; x_wconf 81' lang='lat' dir='ltr'>qua</span> <span class='ocrx_word' id='word_1_26' title='bbox 529 893 770 979; x_wconf 84' lang='lat' dir='ltr'>spectaverunt</span> <span class='ocrx_word' id='word_1_27' title='bbox 778 883 1199 982; x_wconf 75' lang='lat' dir='ltr'>adconjurationempor-</span> 
     </span>
     <span class='ocr_line' id='line_1_6' title="bbox 188 1007 1198 1105; baseline 0.001 -26"><span class='ocrx_word' id='word_1_28' title='bbox 188 1017 284 1079; x_wconf 86' lang='lat' dir='ltr'>tenta</span> <span class='ocrx_word' id='word_1_29' title='bbox 308 1019 484 1093; x_wconf 87' lang='lat' dir='ltr'>recenset,</span> <span class='ocrx_word' id='word_1_30' title='bbox 506 1008 684 1079; x_wconf 88' lang='lat' dir='ltr'>novissimi</span> <span class='ocrx_word' id='word_1_31' title='bbox 700 1031 770 1080; x_wconf 89' lang='lat' dir='ltr'>non</span> <span class='ocrx_word' id='word_1_32' title='bbox 796 1008 915 1094; x_wconf 85' lang='lat' dir='ltr'>oblita,</span> <span class='ocrx_word' id='word_1_33' title='bbox 937 1033 1005 1105; x_wconf 90' lang='lat' dir='ltr'>quo</span> <span class='ocrx_word' id='word_1_34' title='bbox 1025 1007 1198 1081; x_wconf 86' lang='lat' dir='ltr'>detectum</span> 
     </span>
     <span class='ocr_line' id='line_1_7' title="bbox 187 1130 1198 1231; baseline 0 -27"><span class='ocrx_word' id='word_1_35' title='bbox 187 1133 298 1205; x_wconf 87' lang='lat' dir='ltr'>scelus</span> <span class='ocrx_word' id='word_1_36' title='bbox 325 1130 594 1231; x_wconf 82' lang='lat' dir='ltr'>significabatur.</span> <span class='ocrx_word' id='word_1_37' title='bbox 627 1132 743 1215; x_wconf 88' lang='lat' dir='ltr'>Quum</span> <span class='ocrx_word' id='word_1_38' title='bbox 773 1143 889 1204; x_wconf 86' lang='lat' dir='ltr'>autem</span> <span class='ocrx_word' id='word_1_39' title='bbox 916 1131 1198 1229; x_wconf 76' lang='lat' dir='ltr'>interpretatione</span> 
     </span>
     <span class='ocr_line' id='line_1_8' title="bbox 187 1254 1199 1353; baseline -0.002 -25"><span class='ocrx_word' id='word_1_40' title='bbox 187 1255 339 1353; x_wconf 84' lang='lat' dir='ltr'>quadarn</span> <span class='ocrx_word' id='word_1_41' title='bbox 355 1266 390 1328; x_wconf 91' lang='lat' dir='ltr'>et</span> <span class='ocrx_word' id='word_1_42' title='bbox 406 1256 623 1328; x_wconf 75' lang='lat' dir='ltr'>conclusione</span> <span class='ocrx_word' id='word_1_43' title='bbox 640 1255 731 1328; x_wconf 83' lang='lat' dir='ltr'>iacta</span> <span class='ocrx_word' id='word_1_44' title='bbox 751 1257 847 1353; x_wconf 87' lang='lat' dir='ltr'>prius</span> <span class='ocrx_word' id='word_1_45' title='bbox 866 1256 1046 1353; x_wconf 76' lang='lat' dir='ltr'>complecti</span> <span class='ocrx_word' id='word_1_46' title='bbox 1062 1254 1199 1328; x_wconf 86' lang='lat' dir='ltr'>videan-</span> 
     </span>
     <span class='ocr_line' id='line_1_9' title="bbox 117 1377 1200 1479; baseline -0.001 -25"><span class='ocrx_word' id='word_1_47' title='bbox 117 1381 119 1388; x_wconf 56' lang='lat'>‘</span> <span class='ocrx_word' id='word_1_48' title='bbox 188 1377 258 1467; x_wconf 85' lang='lat' dir='ltr'>tur,</span> <span class='ocrx_word' id='word_1_49' title='bbox 279 1406 349 1454; x_wconf 89' lang='lat' dir='ltr'>non</span> <span class='ocrx_word' id='word_1_50' title='bbox 370 1381 414 1455; x_wconf 91' lang='lat' dir='ltr'>ad</span> <span class='ocrx_word' id='word_1_51' title='bbox 433 1382 652 1478; x_wconf 74' lang='lat' dir='ltr'>incipientem</span> <span class='ocrx_word' id='word_1_52' title='bbox 671 1380 799 1454; x_wconf 88' lang='lat' dir='ltr'>librum</span> <span class='ocrx_word' id='word_1_53' title='bbox 819 1381 892 1454; x_wconf 84' lang='lat' dir='ltr'>haec</span> <span class='ocrx_word' id='word_1_54' title='bbox 915 1382 1081 1454; x_wconf 89' lang='lat' dir='ltr'>miracula</span> <span class='ocrx_word' id='word_1_55' title='bbox 1098 1383 1200 1479; x_wconf 88' lang='lat' dir='ltr'>perti·</span> 
     </span>
     <span class='ocr_line' id='line_1_10' title="bbox 187 1504 1199 1602; baseline -0.001 -26"><span class='ocrx_word' id='word_1_56' title='bbox 187 1517 282 1578; x_wconf 88' lang='lat' dir='ltr'>nent.</span> <span class='ocrx_word' id='word_1_57' title='bbox 306 1506 377 1578; x_wconf 92' lang='lat' dir='ltr'>Illis</span> <span class='ocrx_word' id='word_1_58' title='bbox 397 1529 478 1578; x_wconf 88' lang='lat' dir='ltr'>vcro</span> <span class='ocrx_word' id='word_1_59' title='bbox 500 1529 575 1601; x_wconf 89' lang='lat' dir='ltr'>quae</span> <span class='ocrx_word' id='word_1_60' title='bbox 591 1505 774 1602; x_wconf 86' lang='lat' dir='ltr'>praeposita</span> <span class='ocrx_word' id='word_1_61' title='bbox 799 1505 939 1590; x_wconf 85' lang='lat' dir='ltr'>fuerint,</span> <span class='ocrx_word' id='word_1_62' title='bbox 960 1507 1002 1576; x_wconf 74' lang='lat' dir='ltr'>ex</span> <span class='ocrx_word' id='word_1_63' title='bbox 1018 1505 1083 1577; x_wconf 91' lang='lat' dir='ltr'>hoc</span> <span class='ocrx_word' id='word_1_64' title='bbox 1101 1504 1199 1577; x_wconf 90' lang='lat' dir='ltr'>intel·</span> 
     </span>
     <span class='ocr_line' id='line_1_11' title="bbox 187 1629 1198 1729; baseline -0.002 -27"><span class='ocrx_word' id='word_1_65' title='bbox 187 1629 246 1729; x_wconf 84' lang='lat' dir='ltr'>ligi</span> <span class='ocrx_word' id='word_1_66' title='bbox 254 1642 381 1728; x_wconf 86' lang='lat' dir='ltr'>potest,</span> <span class='ocrx_word' id='word_1_67' title='bbox 397 1630 490 1728; x_wconf 92' lang='lat' dir='ltr'>quod</span> <span class='ocrx_word' id='word_1_68' title='bbox 503 1631 624 1703; x_wconf 73' lang='lat' dir='ltr'>foederi</span> <span class='ocrx_word' id='word_1_69' title='bbox 641 1631 810 1728; x_wconf 85' lang='lat' dir='ltr'>patefacto</span> <span class='ocrx_word' id='word_1_70' title='bbox 821 1655 1013 1729; x_wconf 84' lang='lat' dir='ltr'>congruens</span> <span class='ocrx_word' id='word_1_71' title='bbox 1025 1642 1198 1703; x_wconf 90' lang='lat' dir='ltr'>ostentum</span> 
     </span>
     <span class='ocr_line' id='line_1_12' title="bbox 186 1751 1198 1852; baseline -0.002 -26"><span class='ocrx_word' id='word_1_72' title='bbox 186 1767 356 1827; x_wconf 87' lang='lat' dir='ltr'>narratur.</span> <span class='ocrx_word' id='word_1_73' title='bbox 386 1757 506 1851; x_wconf 90' lang='lat' dir='ltr'>ltaque</span> <span class='ocrx_word' id='word_1_74' title='bbox 534 1779 604 1826; x_wconf 90' lang='lat' dir='ltr'>non</span> <span class='ocrx_word' id='word_1_75' title='bbox 630 1753 794 1827; x_wconf 89' lang='lat' dir='ltr'>audacius</span> <span class='ocrx_word' id='word_1_76' title='bbox 820 1751 877 1826; x_wconf 91' lang='lat' dir='ltr'>ille</span> <span class='ocrx_word' id='word_1_77' title='bbox 905 1752 1005 1825; x_wconf 89' lang='lat' dir='ltr'>nobis</span> <span class='ocrx_word' id='word_1_78' title='bbox 1031 1755 1198 1852; x_wconf 87' lang='lat' dir='ltr'>conjicere</span> 
     </span>
     <span class='ocr_line' id='line_1_13' title="bbox 186 1878 1199 1977; baseline -0.002 -25"><span class='ocrx_word' id='word_1_79' title='bbox 186 1879 360 1953; x_wconf 84' lang='lat' dir='ltr'>videretur</span> <span class='ocrx_word' id='word_1_80' title='bbox 381 1882 461 1977; x_wconf 90' lang='lat' dir='ltr'>qui,</span> <span class='ocrx_word' id='word_1_81' title='bbox 497 1904 576 1952; x_wconf 90' lang='lat' dir='ltr'>cum</span> <span class='ocrx_word' id='word_1_82' title='bbox 605 1878 724 1950; x_wconf 87' lang='lat' dir='ltr'>multis</span> <span class='ocrx_word' id='word_1_83' title='bbox 749 1903 770 1950; x_wconf 87' lang='lat' dir='ltr'>a</span> <span class='ocrx_word' id='word_1_84' title='bbox 793 1878 974 1952; x_wconf 81' lang='lat' dir='ltr'>Plutarcho</span> <span class='ocrx_word' id='word_1_85' title='bbox 1002 1879 1138 1965; x_wconf 55' lang='lat' dir='ltr'>relatis</span> <span class='ocrx_word' id='word_1_86' title='bbox 1159 1904 1199 1951; x_wconf 87' lang='lat' dir='ltr'>ea</span> 
     </span>
     <span class='ocr_line' id='line_1_14' title="bbox 187 2002 1196 2101; baseline 0 -26"><span class='ocrx_word' id='word_1_87' title='bbox 187 2007 377 2101; x_wconf 81' lang='lat' dir='ltr'>prasertim</span> <span class='ocrx_word' id='word_1_88' title='bbox 396 2029 417 2076; x_wconf 91' lang='lat' dir='ltr'>a</span> <span class='ocrx_word' id='word_1_89' title='bbox 440 2006 600 2077; x_wconf 88' lang='lat' dir='ltr'>Cicerone</span> <span class='ocrx_word' id='word_1_90' title='bbox 620 2002 792 2099; x_wconf 88' lang='lat' dir='ltr'>descripta</span> <span class='ocrx_word' id='word_1_91' title='bbox 814 2003 920 2075; x_wconf 83' lang='lat' dir='ltr'>fuisse</span> <span class='ocrx_word' id='word_1_92' title='bbox 945 2006 1196 2100; x_wconf 86' lang='lat' dir='ltr'>suspicaretur,</span> 
     </span>
     <span class='ocr_line' id='line_1_15' title="bbox 187 2126 1198 2225; baseline 0 -27"><span class='ocrx_word' id='word_1_93' title='bbox 187 2151 262 2223; x_wconf 87' lang='lat' dir='ltr'>quae</span> <span class='ocrx_word' id='word_1_94' title='bbox 276 2128 366 2198; x_wconf 90' lang='lat' dir='ltr'>circa</span> <span class='ocrx_word' id='word_1_95' title='bbox 382 2135 639 2225; x_wconf 87' lang='lat' dir='ltr'>conjuratorum</span> <span class='ocrx_word' id='word_1_96' title='bbox 654 2127 689 2197; x_wconf 91' lang='lat' dir='ltr'>in</span> <span class='ocrx_word' id='word_1_97' title='bbox 707 2148 842 2198; x_wconf 88' lang='lat' dir='ltr'>carcere</span> <span class='ocrx_word' id='word_1_98' title='bbox 857 2126 984 2199; x_wconf 87' lang='lat' dir='ltr'>caedem</span> <span class='ocrx_word' id='word_1_99' title='bbox 1003 2137 1198 2213; x_wconf 85' lang='lat' dir='ltr'>versentur,</span> 
     </span>
     <span class='ocr_line' id='line_1_16' title="bbox 188 2253 580 2337; baseline 0 -13"><span class='ocrx_word' id='word_1_100' title='bbox 188 2263 223 2325; x_wconf 89' lang='lat' dir='ltr'>et</span> <span class='ocrx_word' id='word_1_101' title='bbox 237 2253 409 2325; x_wconf 85' lang='lat' dir='ltr'>Ciceronis</span> <span class='ocrx_word' id='word_1_102' title='bbox 426 2253 580 2337; x_wconf 87' lang='lat' dir='ltr'>timores,</span> 
     </span>
    </p>
   </div>
   <div class='ocr_carea' id='block_1_3' title="bbox 262 2394 1060 2506">
    <p class='ocr_par' dir='ltr' id='par_1_3' title="bbox 262 2394 1060 2506">
     <span class='ocr_line' id='line_1_17' title="bbox 262 2394 1060 2506; baseline -0.005 -20"><span class='ocrx_word' id='word_1_103' title='bbox 262 2425 361 2504; x_wconf 83' lang='lat' dir='ltr'>Atque</span> <span class='ocrx_word' id='word_1_104' title='bbox 375 2427 474 2487; x_wconf 87' lang='lat' dir='ltr'>animo</span> <span class='ocrx_word' id='word_1_105' title='bbox 490 2425 621 2505; x_wconf 89' lang='lat' dir='ltr'>pendens</span> <span class='ocrx_word' id='word_1_106' title='bbox 636 2394 850 2486; x_wconf 84' lang='lat' dir='ltr'>noctueventa</span> <span class='ocrx_word' id='word_1_107' title='bbox 863 2424 990 2485; x_wconf 88' lang='lat' dir='ltr'>timebat</span> <span class='ocrx_word' id='word_1_108' title='bbox 1008 2422 1060 2506; x_wconf 71' lang='lat' dir='ltr'>(ll.</span> 
     </span>
    </p>
   </div>
   <div class='ocr_carea' id='block_1_4' title="bbox 186 2584 1213 4048">
    <p class='ocr_par' dir='ltr' id='par_1_4' title="bbox 186 2584 1213 3650">
     <span class='ocr_line' id='line_1_18' title="bbox 188 2584 1202 2684; baseline 0.002 -28"><span class='ocrx_word' id='word_1_109' title='bbox 188 2594 222 2656; x_wconf 91' lang='lat' dir='ltr'>et</span> <span class='ocrx_word' id='word_1_110' title='bbox 244 2584 329 2657; x_wconf 90' lang='lat' dir='ltr'>illud</span> <span class='ocrx_word' id='word_1_111' title='bbox 355 2585 506 2658; x_wconf 88' lang='lat' dir='ltr'>consulis</span> <span class='ocrx_word' id='word_1_112' title='bbox 530 2599 564 2656; x_wconf 91' lang='lat' dir='ltr'>et</span> <span class='ocrx_word' id='word_1_113' title='bbox 593 2596 734 2658; x_wconf 86' lang='lat' dir='ltr'>senatus</span> <span class='ocrx_word' id='word_1_114' title='bbox 760 2609 823 2681; x_wconf 89' lang='lat' dir='ltr'>per</span> <span class='ocrx_word' id='word_1_115' title='bbox 848 2587 921 2656; x_wconf 90' lang='lat' dir='ltr'>vias</span> <span class='ocrx_word' id='word_1_116' title='bbox 947 2587 1030 2669; x_wconf 91' lang='lat' dir='ltr'>iter,</span> <span class='ocrx_word' id='word_1_117' title='bbox 1057 2585 1202 2684; x_wconf 80' lang='lat' dir='ltr'>lugubre</span> 
     </span>
     <span class='ocr_line' id='line_1_19' title="bbox 188 2706 1204 2803; baseline 0.005 -29"><span class='ocrx_word' id='word_1_118' title='bbox 188 2707 339 2801; x_wconf 89' lang='lat' dir='ltr'>primum</span> <span class='ocrx_word' id='word_1_119' title='bbox 356 2718 390 2776; x_wconf 84' lang='lat' dir='ltr'>et</span> <span class='ocrx_word' id='word_1_120' title='bbox 405 2708 501 2778; x_wconf 84' lang='lat' dir='ltr'>brevi</span> <span class='ocrx_word' id='word_1_121' title='bbox 517 2731 645 2802; x_wconf 89' lang='lat' dir='ltr'>pompa</span> <span class='ocrx_word' id='word_1_122' title='bbox 662 2706 813 2802; x_wconf 91' lang='lat' dir='ltr'>quadam</span> <span class='ocrx_word' id='word_1_123' title='bbox 831 2706 1033 2803; x_wconf 91' lang='lat' dir='ltr'>triumphali</span> <span class='ocrx_word' id='word_1_124' title='bbox 1055 2707 1204 2779; x_wconf 88' lang='lat' dir='ltr'>celebre-</span> 
     </span>
     <span class='ocr_line' id='line_1_20' title="bbox 188 2829 1204 2923; baseline 0.002 -23"><span class='ocrx_word' id='word_1_125' title='bbox 188 2839 276 2900; x_wconf 87' lang='lat' dir='ltr'>tum.</span> <span class='ocrx_word' id='word_1_126' title='bbox 292 2830 410 2923; x_wconf 91' lang='lat' dir='ltr'>Neque</span> <span class='ocrx_word' id='word_1_127' title='bbox 427 2830 543 2900; x_wconf 84' lang='lat' dir='ltr'>omisit</span> <span class='ocrx_word' id='word_1_128' title='bbox 565 2852 647 2900; x_wconf 89' lang='lat' dir='ltr'>sane</span> <span class='ocrx_word' id='word_1_129' title='bbox 664 2839 767 2923; x_wconf 89' lang='lat' dir='ltr'>poeta</span> <span class='ocrx_word' id='word_1_130' title='bbox 784 2829 910 2923; x_wconf 89' lang='lat' dir='ltr'>quihus</span> <span class='ocrx_word' id='word_1_131' title='bbox 928 2831 1085 2900; x_wconf 92' lang='lat' dir='ltr'>omnium</span> <span class='ocrx_word' id='word_1_132' title='bbox 1105 2831 1204 2902; x_wconf 90' lang='lat' dir='ltr'>ordi-</span> 
     </span>
     <span class='ocr_line' id='line_1_21' title="bbox 188 2951 1202 3028; baseline -0.001 0"><span class='ocrx_word' id='word_1_133' title='bbox 188 2979 273 3028; x_wconf 91' lang='lat' dir='ltr'>num</span> <span class='ocrx_word' id='word_1_134' title='bbox 297 2951 505 3026; x_wconf 86' lang='lat' dir='ltr'>clamorihus</span> <span class='ocrx_word' id='word_1_135' title='bbox 522 2952 617 3024; x_wconf 90' lang='lat' dir='ltr'>urbis</span> <span class='ocrx_word' id='word_1_136' title='bbox 642 2964 849 3024; x_wconf 77' lang='lat' dir='ltr'>conservata</span> <span class='ocrx_word' id='word_1_137' title='bbox 867 2951 1025 3025; x_wconf 89' lang='lat' dir='ltr'>conditor</span> <span class='ocrx_word' id='word_1_138' title='bbox 1042 2953 1128 3026; x_wconf 88' lang='lat' dir='ltr'>alter</span> <span class='ocrx_word' id='word_1_139' title='bbox 1145 2980 1202 3027; x_wconf 89' lang='lat' dir='ltr'>vo·</span> 
     </span>
     <span class='ocr_line' id='line_1_22' title="bbox 188 3077 1203 3176; baseline 0.001 -25"><span class='ocrx_word' id='word_1_140' title='bbox 188 3090 285 3152; x_wconf 88' lang='lat' dir='ltr'>catus</span> <span class='ocrx_word' id='word_1_141' title='bbox 312 3079 428 3151; x_wconf 85' lang='lat' dir='ltr'>fuerit.</span> <span class='ocrx_word' id='word_1_142' title='bbox 460 3081 531 3150; x_wconf 90' lang='lat' dir='ltr'>Hoc</span> <span class='ocrx_word' id='word_1_143' title='bbox 560 3078 780 3176; x_wconf 87' lang='lat' dir='ltr'>potissimum</span> <span class='ocrx_word' id='word_1_144' title='bbox 807 3078 881 3150; x_wconf 91' lang='lat' dir='ltr'>loco</span> <span class='ocrx_word' id='word_1_145' title='bbox 909 3077 1129 3150; x_wconf 86' lang='lat' dir='ltr'>crederemus</span> <span class='ocrx_word' id='word_1_146' title='bbox 1159 3079 1203 3152; x_wconf 86' lang='lat' dir='ltr'>ab</span> 
     </span>
     <span class='ocr_line' id='line_1_23' title="bbox 189 3197 1204 3298; baseline -0.002 -23"><span class='ocrx_word' id='word_1_147' title='bbox 189 3205 317 3276; x_wconf 88' lang='lat' dir='ltr'>Urania</span> <span class='ocrx_word' id='word_1_148' title='bbox 342 3202 588 3275; x_wconf 86' lang='lat' dir='ltr'>miraculorum</span> <span class='ocrx_word' id='word_1_149' title='bbox 616 3203 739 3274; x_wconf 87' lang='lat' dir='ltr'>seriem</span> <span class='ocrx_word' id='word_1_150' title='bbox 766 3197 937 3273; x_wconf 82' lang='lat' dir='ltr'>evolutam</span> <span class='ocrx_word' id='word_1_151' title='bbox 954 3201 1078 3287; x_wconf 83' lang='lat' dir='ltr'>fuisse,</span> <span class='ocrx_word' id='word_1_152' title='bbox 1099 3225 1204 3298; x_wconf 86' lang='lat' dir='ltr'>quam</span> 
     </span>
     <span class='ocr_line' id='line_1_24' title="bbox 188 3328 1213 3428; baseline -0.002 -26"><span class='ocrx_word' id='word_1_153' title='bbox 188 3332 359 3427; x_wconf 85' lang='lat' dir='ltr'>excipiens</span> <span class='ocrx_word' id='word_1_154' title='bbox 388 3331 462 3426; x_wconf 89' lang='lat' dir='ltr'>ipse</span> <span class='ocrx_word' id='word_1_155' title='bbox 491 3331 642 3424; x_wconf 85' lang='lat' dir='ltr'>Jupiter,</span> <span class='ocrx_word' id='word_1_156' title='bbox 667 3339 707 3399; x_wconf 92' lang='lat' dir='ltr'>ut</span> <span class='ocrx_word' id='word_1_157' title='bbox 725 3339 878 3413; x_wconf 87' lang='lat' dir='ltr'>constat,</span> <span class='ocrx_word' id='word_1_158' title='bbox 897 3328 1005 3402; x_wconf 83' lang='lat' dir='ltr'>futuri</span> <span class='ocrx_word' id='word_1_159' title='bbox 1023 3329 1105 3400; x_wconf 90' lang='lat' dir='ltr'>belli</span> <span class='ocrx_word' id='word_1_160' title='bbox 1124 3354 1213 3428; x_wconf 21' lang='lat' dir='ltr'>con-¹</span> 
     </span>
     <span class='ocr_line' id='line_1_25' title="bbox 188 3451 1200 3554; baseline -0.001 -28"><span class='ocrx_word' id='word_1_161' title='bbox 188 3455 263 3526; x_wconf 90' lang='lat' dir='ltr'>silia</span> <span class='ocrx_word' id='word_1_162' title='bbox 277 3455 450 3551; x_wconf 80' lang='lat' dir='ltr'>patefacit,</span> <span class='ocrx_word' id='word_1_163' title='bbox 466 3463 513 3538; x_wconf 91' lang='lat' dir='ltr'>et,</span> <span class='ocrx_word' id='word_1_164' title='bbox 527 3453 725 3548; x_wconf 85' lang='lat' dir='ltr'>Ciceronem</span> <span class='ocrx_word' id='word_1_165' title='bbox 736 3451 959 3554; x_wconf 80' lang='lat' dir='ltr'>adhortatus,</span> <span class='ocrx_word' id='word_1_166' title='bbox 978 3475 1092 3546; x_wconf 74' lang='lat' dir='ltr'>aequas</span> <span class='ocrx_word' id='word_1_167' title='bbox 1104 3462 1200 3526; x_wconf 89' lang='lat' dir='ltr'>tanto</span> 
     </span>
     <span class='ocr_line' id='line_1_26' title="bbox 186 3572 889 3650; baseline -0.009 -1"><span class='ocrx_word' id='word_1_168' title='bbox 186 3577 365 3650; x_wconf 89' lang='lat' dir='ltr'>certamini</span> <span class='ocrx_word' id='word_1_169' title='bbox 381 3577 471 3648; x_wconf 87' lang='lat' dir='ltr'>vires</span> <span class='ocrx_word' id='word_1_170' title='bbox 488 3575 620 3648; x_wconf 88' lang='lat' dir='ltr'>consuli</span> <span class='ocrx_word' id='word_1_171' title='bbox 638 3572 889 3647; x_wconf 88' lang='lat' dir='ltr'>subministrat.</span> 
     </span>
    </p>

    <p class='ocr_par' dir='ltr' id='par_1_5' title="bbox 186 3697 1199 4048">
     <span class='ocr_line' id='line_1_27' title="bbox 234 3697 1199 3795; baseline 0.004 -24"><span class='ocrx_word' id='word_1_172' title='bbox 234 3701 367 3772; x_wconf 89' lang='lat' dir='ltr'>Tertius</span> <span class='ocrx_word' id='word_1_173' title='bbox 389 3699 477 3772; x_wconf 85' lang='lat' dir='ltr'>liber</span> <span class='ocrx_word' id='word_1_174' title='bbox 494 3699 662 3795; x_wconf 84' lang='lat' dir='ltr'>explicare</span> <span class='ocrx_word' id='word_1_175' title='bbox 677 3699 789 3794; x_wconf 91' lang='lat' dir='ltr'>potuit</span> <span class='ocrx_word' id='word_1_176' title='bbox 809 3722 878 3794; x_wconf 89' lang='lat' dir='ltr'>qua</span> <span class='ocrx_word' id='word_1_177' title='bbox 894 3697 990 3770; x_wconf 93' lang='lat' dir='ltr'>clado</span> <span class='ocrx_word' id='word_1_178' title='bbox 1010 3701 1199 3776; x_wconf 88' lang='lat' dir='ltr'>consularis</span> 
     </span>
     <span class='ocr_line' id='line_1_28' title="bbox 188 3822 1198 3922; baseline 0.006 -28"><span class='ocrx_word' id='word_1_179' title='bbox 188 3826 354 3898; x_wconf 82' lang='lat' dir='ltr'>exercitus</span> <span class='ocrx_word' id='word_1_180' title='bbox 387 3825 568 3898; x_wconf 89' lang='lat' dir='ltr'>Catilinam</span> <span class='ocrx_word' id='word_1_181' title='bbox 596 3822 768 3896; x_wconf 88' lang='lat' dir='ltr'>ceciderit.</span> <span class='ocrx_word' id='word_1_182' title='bbox 803 3824 915 3907; x_wconf 87' lang='lat' dir='ltr'>Quam</span> <span class='ocrx_word' id='word_1_183' title='bbox 939 3825 975 3895; x_wconf 93' lang='lat' dir='ltr'>in</span> <span class='ocrx_word' id='word_1_184' title='bbox 1002 3827 1198 3922; x_wconf 91' lang='lat' dir='ltr'>opinionem</span> 
     </span>
     <span class='ocr_line' id='line_1_29' title="bbox 186 3947 1199 4048; baseline 0.006 -29"><span class='ocrx_word' id='word_1_185' title='bbox 186 3949 261 4046; x_wconf 90' lang='lat' dir='ltr'>ipso</span> <span class='ocrx_word' id='word_1_186' title='bbox 278 3952 416 4024; x_wconf 91' lang='lat' dir='ltr'>nomine</span> <span class='ocrx_word' id='word_1_187' title='bbox 431 3949 598 4048; x_wconf 90' lang='lat' dir='ltr'>Calliopes</span> <span class='ocrx_word' id='word_1_188' title='bbox 614 3947 832 4021; x_wconf 87' lang='lat' dir='ltr'>adducimur.</span> <span class='ocrx_word' id='word_1_189' title='bbox 844 3950 932 4020; x_wconf 91' lang='lat' dir='ltr'>Nam</span> <span class='ocrx_word' id='word_1_190' title='bbox 947 3949 1148 4047; x_wconf 76' lang='lat' dir='ltr'>eloquentiae</span> <span class='ocrx_word' id='word_1_191' title='bbox 1165 3965 1199 4025; x_wconf 95' lang='lat' dir='ltr'>et</span> 
     </span>
    </p>
   </div>
   <div class='ocr_carea' id='block_1_5' title="bbox 224 4121 912 4195">
    <p class='ocr_par' dir='ltr' id='par_1_6' title="bbox 224 4121 912 4195">
     <span class='ocr_line' id='line_1_30' title="bbox 224 4121 912 4195; baseline 0.003 -18"><span class='ocrx_word' id='word_1_192' title='bbox 224 4124 260 4194; x_wconf 85' lang='lat' dir='ltr'>(t)</span> <span class='ocrx_word' id='word_1_193' title='bbox 277 4125 393 4183; x_wconf 88' lang='lat' dir='ltr'>Nonius:</span> <span class='ocrx_word' id='word_1_194' title='bbox 406 4127 533 4195; x_wconf 84' lang='lat' dir='ltr'>Eventus,</span> <span class='ocrx_word' id='word_1_195' title='bbox 545 4125 601 4182; x_wconf 85' lang='lat' dir='ltr'>Cic.</span> <span class='ocrx_word' id='word_1_196' title='bbox 615 4121 912 4195; x_wconf 61' lang='lat' dir='ltr'>Consentaneus.</span> 
     </span>
    </p>
   </div>
   <div class='ocr_carea' id='block_1_6' title="bbox 0 0 1503 4774">
    <p class='ocr_par' dir='ltr' id='par_1_7' title="bbox 0 0 1503 4774">
     <span class='ocr_line' id='line_1_31' title="bbox 0 0 1503 4774; baseline 0 0"><span class='ocrx_word' id='word_1_197' title='bbox 0 0 1503 4774; x_wconf 95' lang='lat' dir='ltr'> </span> 
     </span>
    </p>
   </div>
  </div>
 </body>
</html>
