2994 4774
523 1261 886 1354 PRAEFATIO.

629 1519 775 1534 Ἣ

247 1827 455 1925 Anquirenti
470 1825 514 1899 de
530 1827 665 1922 poetica
682 1825 855 1897 Ciceronis
873 1823 1035 1896 facultate
1050 1847 1120 1895 non
1137 1847 1221 1920 praa·

203 1953 478 2026 termittendum*
493 1962 568 2036 est,
593 1961 633 2021 ut
659 1951 808 2045 aequiore
833 1949 963 2048 judicio
989 1949 1222 2021 controversia

201 2073 425 2171 disceptetur,
448 2073 560 2170 qualis
579 2072 673 2169 apud
690 2074 885 2169 superiores
903 2084 963 2144 aut
982 2072 1132 2169 aequales
1150 2073 1221 2144 fere

200 2212 322 2297 poetas
353 2199 526 2274 scribendi
557 2201 645 2272 ratio
672 2199 795 2284 suerit,
828 2210 862 2270 et
892 2209 1022 2294 quanta
1047 2205 1122 2296 jam
1149 2207 1223 2269 arte

199 2327 315 2423 poesis
340 2325 476 2398 exculta
492 2324 712 2422 processerit.
735 2325 774 2394 In
799 2323 864 2395 hoc
883 2332 1088 2421 argumento
1106 2331 1223 2393 tamen

201 2453 319 2524 omnia
335 2453 483 2524 strictim
502 2453 672 2548 attingere
688 2449 879 2535 debemus,
902 2459 937 2520 et
956 2471 996 2523 ea
1012 2458 1150 2520 tantum
1166 2447 1224 2520 de·

200 2575 301 2647 finire
319 2599 395 2670 quae
410 2575 505 2648 velut
520 2575 636 2648 lucida
652 2599 770 2647 rerum
786 2575 901 2671 capita
918 2575 1094 2671 proposito
1109 2573 1223 2645 lucem

202 2700 399 2792 preferant.

252 2819 314 2889 His
329 2797 539 2914 premissis,
556 2817 769 2888 destinatum
788 2819 833 2888 ad
849 2843 936 2914 opus
953 2821 1095 2916 aggredi
1109 2843 1220 2892 vacat.

203 2941 319 3025 Quum
343 2965 425 3014 vero
448 2941 566 3013 Livius
583 2939 825 3024 Andronicus,
850 2942 1007 3028 Ennius,
1030 2945 1221 3030 Pacuvius,

202 3065 340 3152 Attius,
365 3067 514 3162 aliique,
534 3064 715 3162 discerptis
733 3076 869 3138 tantum
886 3067 1073 3153 memhris,
1093 3068 1138 3141 ad
1158 3093 1221 3142 nos

202 3213 313 3285 usque
342 3189 581 3287 pervenerint,
611 3212 724 3284 neque
752 3191 981 3286 permanserit
1009 3191 1152 3286 quidem
1180 3217 1222 3264 ex

204 3336 324 3386 eorum
359 3314 528 3410 poematis
565 3337 701 3398 unum,
731 3337 800 3410 quo
834 3315 936 3386 liceat
972 3317 1132 3414 integro,
1162 3329 1223 3389 aut

134 3537 136 3541 ι
204 3448 302 3535 parte
320 3438 443 3510 saltem
468 3438 654 3534 ampliore,
678 3438 831 3536 fingendi
856 3440 1010 3535 copiam,
1029 3439 1100 3510 vim
1126 3463 1223 3514 exco-

202 3563 358 3661 gitandi,
379 3564 598 3659 auctorisque
625 3564 830 3660 sapientiam
853 3562 1022 3658 probare,
1047 3585 1166 3638 eorum
1187 3581 1221 3640 et

203 3689 376 3760 Ciceronis
394 3687 548 3786 linguam
567 3697 704 3759 tantum
721 3689 1000 3784 orationemque,
1019 3690 1220 3765 1111111111-

203 3821 275 3883 tem
290 3813 469 3911 ingenium
491 3813 645 3885 conferre
664 3811 765 3884 nobis
782 3813 1000 3910 inpromptu
1018 3826 1083 3886 est.
1107 3817 1221 3914 Supe-

203 3937 335 4009 riorum
351 3939 458 4036 igitur
476 3950 658 4034 poetarum
676 3949 710 4009 et
728 3939 948 4025 recentioris,
969 3940 1084 4036 quoad
1100 3955 1218 4039 patet,

205 4060 363 4135 absoluta
387 4064 663 4159 comparatione,
683 4063 840 4158 sequitur
862 4075 901 4134 ut
925 4063 1129 4138 nobiliorem
1146 4067 1222 4139 Tul-
