2994 4774
732 368 772 381 -
794 337 834 396 5a
854 367 893 382 ..

296 473 393 546 blica
420 473 468 545 dii
496 470 691 544 consulunt.
724 470 896 555 Quaritur
921 470 1012 540 inter
1041 469 1225 555 mortales,
1248 473 1310 566 qni

296 599 405 697 possit
435 619 553 670 everso
575 616 773 667 succurrere
799 591 902 664 seclo.
931 595 1073 688 Propter
1095 593 1257 664 virtutem
1275 604 1311 665 et

295 724 493 821 ingenium,
525 720 650 818 dignus
678 742 718 789 ea
745 717 984 814 procuratione
1013 717 1129 789 Cicero
1155 716 1306 790 videtur.

293 848 348 920 Ad
368 869 485 943 quom,
504 858 544 916 ut
557 844 831 940 abeopraecipue
848 841 959 926 culta,
979 840 1091 913 Pallas
1108 840 1256 939 legatur,
1272 853 1308 914 et

294 995 374 1044 eum
390 969 541 1041 divinem
554 968 591 1037 in
604 968 802 1040 concionem
820 964 1073 1038 admittendum
1085 975 1197 1038 curat.
1212 969 1308 1040 Tunc

292 1097 624 1170 Minervamemorat
635 1089 760 1187 quihus
777 1090 967 1186 disciplinis
982 1101 1015 1162 et
1025 1089 1210 1163 virtutihus
1228 1115 1308 1164 eum

294 1245 315 1294 a
330 1221 446 1318 pueris
461 1216 699 1290 exornandum
719 1217 921 1313 susceperit,
938 1225 977 1288 ut
993 1215 1188 1311 reipublice
1205 1216 1308 1290 saluti

293 1345 448 1428 tandem,
462 1347 543 1416 Jove
551 1342 713 1441 jubante,
733 1341 911 1414 consulere
920 1352 1062 1438 paratus
1075 1352 1177 1413 esset.
1194 1343 1307 1426 Quam

196 1489 199 1496 ·
293 1471 325 1542 ei
340 1492 459 1542 curam
474 1469 606 1564 Jupiter
622 1469 696 1563 ipse
713 1466 869 1551 mandat,
890 1477 924 1538 et
939 1466 1107 1538 revocetis
1121 1467 1307 1538 inmemo-

294 1593 478 1687 riam·quae
499 1595 573 1687 jam
597 1587 647 1658 illi
675 1590 892 1662 consulatum
907 1588 1158 1686 portenderint,
1179 1599 1213 1662 et
1227 1590 1307 1687 igne

293 1718 366 1814 qui,
386 1715 515 1788 libante
528 1715 706 1796 Terentia,
1066 1705 1073 1715 ’

537 1940 686 2022 Corripuit
700 1941 837 2002 tremulis
851 1941 957 2004 altaria
970 1941 1099 2004 flammis

416 2052 528 2133 Sponte
541 2070 595 2114 sua
610 2049 662 2133 (1).

291 2262 340 2333 illi
348 2262 501 2334 divinam
518 2260 668 2333 infundit
686 2267 853 2342 mentem,
872 2281 941 2353 qua
954 2281 990 2330 sc
1010 2258 1222 2356 temporibus
1238 2283 1308 2355 pa—

291 2379 366 2459 rem
380 2385 551 2459 ostendat.
573 2384 666 2456 Talia
681 2382 814 2479 prologi
832 2381 935 2454 modo
956 2406 1094 2454 carmen
1112 2383 1304 2458 exordiun-

291 2522 359 2582 tur.
378 2513 472 2581 Tunc
488 2532 612 2591 musa,
632 2508 745 2578 nescio
766 2530 856 2602 quae,
875 2506 947 2578 Clio
961 2506 1119 2595 fortasse,
1141 2515 1307 2608 conJura-

292 2637 422 2707 tionem
446 2632 489 2704 ab
516 2633 646 2730 origine
671 2632 816 2728 repetit,
838 2631 971 2703 consilii
988 2633 1110 2705 nefarii
1131 2633 1255 2706 ducem
1273 2647 1308 2707 et

291 2757 483 2854 principes,
512 2755 694 2840 rationem,
723 2778 805 2851 opes
830 2765 865 2825 et
890 2766 1075 2852 apparatus
1096 2755 1256 2828 exscribit
1273 2766 1308 2827 et

294 2883 452 2980 explicat.
473 2881 548 2966 Quo
563 2879 706 2952 liberius
726 2879 792 2951 sibi
809 2881 984 2977 proposita
1001 2881 1168 2977 perficiat,
1188 2890 1226 2951 ut
1237 2879 1307 2977 gla-

293 3006 370 3086 dio,
398 3004 578 3076 consulatu
604 3003 749 3075 Catilina
777 3002 902 3098 flagrat
928 3004 1072 3102 accingi.
1098 3003 1143 3072 Ut
1161 2999 1308 3100 eligatur

292 3131 409 3203 Cicero
426 3125 620 3223 reipublicae
636 3127 815 3220 contingit.

343 3251 539 3326 Secundum
552 3250 692 3333 librum,
714 3250 837 3346 opibus
854 3249 1064 3322 ePlutarcho
1084 3253 1245 3348 sumptis
1266 3276 1306 3326 eo

292 3380 454 3454 libentius
475 3375 635 3473 supplere
659 3383 775 3470 potes,
796 3372 889 3469 quod
911 3373 1095 3446 historicus
1113 3399 1182 3450 non
1200 3376 1306 3449 semel

295 3505 465 3579 Ciceronis
493 3525 596 3599 opera
621 3499 664 3572 dc
677 3497 857 3570 consulatu
874 3497 1012 3585 laudat,
1032 3523 1108 3598 quae
1126 3501 1196 3572 sive
1215 3525 1305 3572 com·

295 3631 464 3701 montania
475 3649 583 3726 graece
596 3624 735 3721 scripta,
750 3623 820 3694 sive
832 3624 908 3719 ipsa
918 3634 1078 3720 poemata
1090 3625 1217 3698 luerint
1237 3626 1302 3723 (2),

296 3779 365 3827 nou
386 3753 471 3825 adeo
487 3750 552 3823 sibi
568 3771 759 3846 repugnare
775 3757 983 3842 potuerunt,
1004 3760 1043 3821 ut
1058 3750 1131 3824 haee
1148 3751 1215 3823 illis
1234 3775 1305 3824 non

332 4003 369 4071 (t)
390 3967 494 4056 Servius
505 3995 540 4054 ad
552 3995 676 4067 Eclogan
689 3995 758 4051 vul.

333 4096 368 4162 (i)
390 4097 487 4174 Caescp,
497 4091 627 4152 Plutarch.
643 4097 669 4148 8.

490 4484 853 4734 Ν
927 4456 1112 4736 ss
