2954 4776
704 375 744 389 -
767 341 826 402 116
849 371 888 388 -·

290 476 465 550 discernas
481 500 490 546 :
512 475 619 547 «Pari
631 475 746 546 animo
759 473 1008 546 Lacedaemonii
1020 475 1057 547 in
1068 473 1308 574 Thermopylis

290 598 507 682 oeciderunt,
527 600 563 670 in
579 622 666 695 quos
682 597 875 678 Simonides
896 596 943 695 (l)
965 622 974 670 :
1066 611 1070 626 ¹

362 730 441 844 llio,
458 769 579 849 hospes,
597 767 730 849 Sparta,
748 787 802 830 nos
815 773 847 830 te
860 769 909 830 hio
923 767 1029 828 vidisse
1039 767 1190 846 jacentes,

452 875 533 937 Dum
547 876 656 938 sanetis
667 875 772 955 patriae
785 872 901 948 legibus
914 873 1123 951 obsequimur;

291 1067 368 1141 quae
384 1043 551 1116 nobiliore
566 1045 624 1116 vix
642 1045 781 1142 ingenio
798 1041 991 1114 Simonides
1010 1043 1191 1144 expressit.

340 1166 556 1253 Quibusdam
571 1191 653 1240 vero
674 1167 846 1240 Ciceronis
867 1167 1024 1264 signum,
1045 1176 1084 1237 ut
1103 1167 1152 1237 ita
1171 1164 1307 1250 dicam,

292 1293 341 1365 sio
359 1292 581 1364 manifestum
604 1315 674 1363 non
698 1291 864 1374 inhaeret,
887 1289 967 1362 huie
988 1290 1104 1363 versui
1123 1288 1309 1362 videlieet:

298 1444 313 1483 α
330 1417 375 1488 Ut
390 1413 647 1512 Epaminondas
666 1413 714 1509 (2)
733 1438 742 1484 ε
772 1441 787 1479 »

390 1589 526 1651 Consiliis
540 1590 648 1650 nostris
661 1589 727 1650 laus
741 1592 786 1649 est
799 1591 916 1648 attonsa
929 1585 1098 1664 Laeonum3

292 1769 361 1840 quo
389 1711 522 1842 primus
551 1746 808 1842 epigrammatis
830 1745 932 1843 graeoi
949 1767 1070 1816 versus
1087 1743 1231 1816 feliciter
1247 1765 1312 1814 ex—

293 1867 465 1963 primitur.
613 1956 616 1961 ·
994 1867 995 1872 ’

342 1993 391 2062 De
408 1990 474 2062 hoo
493 1992 651 2065 similiter
668 1992 899 2066 dubitandum
914 2002 967 2064 est
984 1990 1031 2088 (3)
1051 2016 1060 2062 τ

374 2161 475 2236 Quam
490 2167 616 2243 quisque
630 2167 709 2226 norit
726 2169 840 2241 artem,
856 2167 888 2226 in
903 2166 959 2227 hac
973 2183 1004 2225 se
1018 2168 1168 2240 exerceam

294 2339 419 2438 dignus
443 2341 585 2438 quidem
604 2343 740 2416 iambus
761 2355 796 2416 et
812 2322 951 2415 auotore
968 2367 1078 2440 graeoo
1092 2355 1126 2415 et
1142 2343 1317 2416 Ciceronis

297 2465 480 2562 elegantia.

344 2589 394 2657 De
411 2588 577 2683 proximis
593 2611 733 2685 quoque
746 2587 833 2661 nihil
848 2588 1039 2661 affirmares
1061 2589 1109 2686 (l)
1131 2614 1140 2661 :

378 2757 482 2837 Neque
495 2762 576 2824 onim
590 2762 741 2824 laetabitur
754 2781 903 2842 unquam,
920 2781 975 2824 nec
988 2762 1128 2825 moerebit
1139 2761 1239 2832 nimis,

380 2866 439 2942 Qui
457 2887 574 2949 semper
585 2872 617 2931 in
632 2889 662 2931 se
676 2873 739 2951 ipso
753 2890 875 2933 onmem
888 2889 972 2951 spem
988 2874 1113 2951 reponet
1126 2869 1184 2930 sui.

302 3019 513 3116 Usurpatum
533 3025 626 3094 enirn
644 3049 666 3095 a
682 3027 844 3098 Cicerone
867 3036 1019 3097 metrum
1036 3026 1074 3096 in
1092 3023 1147 3096 his
1166 3047 1237 3095 non
1254 3047 1319 3095 re-

301 3142 475 3238 perimus,
500 3168 614 3241 neque
640 3157 772 3218 eertum
803 3169 907 3241 quem
930 3156 1068 3219 secutus
1091 3147 1194 3219 luerit
1228 3169 1318 3220 auo-

302 3275 426 3339 torem.

350 3387 445 3460 Licet
462 3389 567 3462 etiam
591 3386 743 3486 pendeas
765 3389 937 3474 incertus,
960 3412 1068 3486 quum
1084 3390 1121 3462 in
1144 3387 1238 3462 istud
1256 3387 1318 3459 in-

304 3507 389 3582 cidis
410 3510 458 3607 (5)
477 3536 486 3582 ε

340 3723 377 3793 (l)
393 3724 518 3795 rescat,
537 3725 555 3781 l.
570 3728 595 3795 l,
609 3727 653 3784 la.
669 3724 709 3782 Cl.
725 3725 841 3796 Herod,
856 3725 875 3782 l.
887 3725 915 3794 7,
930 3738 955 3781 o.
968 3726 1030 3782 228.

342 3821 379 3881 m
393 3817 474 3889 nia,
490 3820 509 3876 l.
525 3824 552 3891 5,
566 3822 610 3876 ⁴7.
624 3819 665 3877 cl.
680 3822 765 3892 elna,
779 3828 799 3879 l.
811 3824 843 3890 2,
856 3833 884 3892 p.
901 3817 979 3877 ⁴098.
1060 3821 1062 3827 ’

343 3919 379 3988 (a)
394 3912 475 3983 lota,
490 3915 509 3970 l.
528 3919 557 3980 l,
575 3917 618 3972 ⁴8.
634 3913 674 3970 Cl.
689 3915 826 3986 Aristoplr.¹
836 3914 863 3971 in
880 3913 984 3985 Vospto,
1000 3915 1077 3971 ⁴122.

342 4009 379 4078 (l)
392 4008 473 4075 reia,
490 4010 508 4066 l.
525 4013 612 4094 ΜΞ.

341 4108 377 4178 (5)
391 4105 476 4174 Ibid„
492 4107 529 4163 De
543 4105 651 4178 divim,
667 4107 686 4165 l.
700 4111 727 4179 2,
743 4111 787 4162 43.

403 4434 641 4754 n
771 4286 1180 4754 sn
