2994 4774
754 358 792 370 -
814 329 857 390 50
879 359 914 382 ,

329 459 437 528 &ena
453 456 615 554 quidem,
634 481 743 554 quum
762 459 807 532 ad
825 459 977 534 Platonis
999 462 1259 537 similitudinem
1280 489 1346 539 ao-

328 580 450 654 cadere
480 581 615 654 11111111
633 592 765 668 auctor,
795 593 853 668 ut,
873 582 969 657 uerbi
995 587 1126 682 gratia,
1147 586 1191 658 de
1209 587 1345 686 legibus

328 706 529 792 exordiens,
557 708 699 803 poeticis
729 707 915 805 aliquando
940 711 1110 784 coloribus
1136 723 1171 784 et
1200 713 1346 790 artificio

327 830 481 926 quodam
492 842 689 906 crematur,
702 832 749 906 At
760 833 979 930 plerumque,
992 837 1022 907 si
1035 836 1134 908 nobis
1145 862 1216 910 non
1228 863 1347 912 occur·

329 967 420 1029 reret
439 962 512 1054 ejus
528 979 674 1040 nomen,
693 981 798 1052 quem
822 970 940 1030 orator
956 971 1017 1030 aut
1033 960 1122 1033 alius
1143 963 1343 1060 alloquitur,

328 1097 512 1156 excursum.
529 1083 686 1176 quemvis
709 1081 921 1154 rhetoricum
936 1082 1255 1180 philosophicumve
1274 1108 1348 1160 cra-

328 1202 490 1279 deramus
502 1206 646 1291 initum,
661 1205 791 1278 uadum
806 1231 908 1279 verns
921 1208 1218 1282 confabulantium
1231 1233 1347 1284 sermo

328 1339 475 1403 seratur.
501 1330 614 1414 Quam
637 1355 720 1403 vero
743 1331 868 1403 fabulas
890 1333 1040 1429 speciem
1062 1355 1166 1430 agero
1184 1333 1348 1407 videntur

250 1499 252 1504 ,
327 1479 503 1550 persona,
524 1479 632 1551 quum
649 1455 774 1528 accidit
788 1467 847 1542 ut,
869 1457 908 1527 in
924 1456 1156 1554 disputatione
1178 1462 1216 1528 do
1232 1463 1349 1554 ,taetus
1477 1513 1478 1518 ,

225 1677 227 1682 ι
328 1583 479 1652 imorum
497 1596 524 1650 ct
542 1583 716 1666 malorum,
735 1581 906 1652 actionem
928 1593 1056 1654 temere
1084 1583 1349 1669 deserant,·aut

328 1704 556 1775 immutentur
571 1704 674 1799 ipsae,
702 1713 737 1774 et
755 1727 833 1800 qua
848 1726 919 1776 nou
936 1703 982 1776 ab
1006 1704 1145 1778 exordio
1170 1707 1349 1803 potuerint

327 1825 468 1912 audire,
488 1850 529 1902 aa
547 1827 583 1898 in
603 1825 670 1898 alio
689 1825 763 1898 loco
781 1837 939 1923 repetant
955 1838 991 1900 et
1006 1827 1210 1901 absolvant?

379 1949 563 2035 Habitum,
581 1950 738 2047 ingenia,
756 1973 870 2022 mores
887 1949 971 2046 quid
988 1951 1111 2024 attinet
1125 1953 1350 2026 animadvea

332 2075 428 2153 tere?
448 2079 576 2151 Omnes
595 2077 767 2149 Ciceronis
779 2087 912 2148 actores
923 2076 1168 2164 humanitatis,
1185 2079 1350 2152 doctrina

332 2205 577 2300 sapientiaque
601 2202 716 2274 studio
740 2202 844 2274 simul
872 2203 1037 2274 endnent.
1063 2205 1182 2300 Neque
1203 2205 1270 2276 illis
1289 2217 1352 2277 ta-

330 2327 400 2402 lem
416 2328 588 2401 bonarum
602 2327 730 2398 artium
743 2325 1005 2398 similitudinem
1017 2329 1153 2400 crimini
1164 2331 1347 2403 vertimus.

232 2487 233 2490 ¹
332 2451 532 2524 Plusculum
555 2463 692 2536 11111111,
711 2474 820 2547 quum
842 2449 999 2550 dialogus
1016 2453 1144 2550 agitur,
1162 2454 1353 2528 desiderari

333 2587 460 2673 potest.
487 2575 693 2671 Simpliciter
718 2585 753 2646 et
777 2585 836 2647 tuo
859 2576 998 2647 nourine
1016 2587 1126 2648 totam
1149 2589 1353 2651 controver-

333 2703 423 2774 siam
435 2700 585 2798 eupliam
600 2701 655 2772 sin
670 2710 787 2772 autom
799 2723 965 2796 personas
978 2701 1100 2798 lingis,
1115 2713 1150 2774 ct
1163 2704 1200 2774 in
1212 2727 1354 2776 scenam

267 2841 272 2847 '
333 2826 501 2912 adducis,
520 2824 832 2899 11111111111111111
850 2851 860 2898 ε

456 3030 565 3092 AEtatis
582 3031 728 3108 cujusque
741 3031 865 3091 notandi
878 3036 948 3091 sunt
963 3032 1017 3128 tibi
1029 3050 1142 3107 mores,
1258 3103 1262 3110 ⁴

457 3137 678 3217 Mobilibusque
690 3140 780 3200 decor
794 3141 908 3230 naturis
922 3142 1038 3202 dandus
1051 3146 1082 3203 et
1096 3145 1192 3204 annis.

335 3332 448 3415 Quem
468 3351 550 3401 vero
571 3329 607 3400 in
627 3326 772 3425 dialogis
788 3329 923 3400 vanum
945 3330 1153 3426 requirimus
1169 3330 1351 3419 decorem,

336 3479 418 3528 eum
434 3458 470 3527 in
487 3453 795 3527 Cicerone-frustra
810 3464 845 3524 te
860 3465 1077 3550 reperturum
1093 3479 1168 3528 ossa
1183 3457 1352 3529 confidas.
1477 3521 1478 3552 ἒ

337 3581 502 3664 Quamvis
517 3581 611 3650 enim
634 3601 677 3651 111
703 3584 777 3675 ejus
802 3580 958 3675 personis
977 3580 1176 3653 afferamus.
1196 3580 1248 3654 llli
1261 3581 1356 3655 ‘dili-

338 3715 459 3804 genter
482 3703 720 3786 attendentes,
744 3725 820 3774 eam
844 3703 881 3774 in
899 3703 1080 3800 multiplici
1105 3707 1273 3779 sermonis
1291 3708 1356 3779 cir·
1477 3765 1478 3772 ,

339 3830 434 3902 cuitu
460 3829 651 3925 sequimur.
678 3825 778 3900 Certe
801 3827 941 3923 quidem
965 3829 1291 3915 animadvertimus,
1317 3832 1355 3904 in

340 3955 407 4028 hoc
420 3953 649 4026 elaboravisse
662 3953 876 4039 Ciceronem,
896 3962 935 4024 ut
952 3953 1102 4026 historia
1117 3956 1253 4027 veritati
1268 3955 1355 4027 nihil
1477 3971 1478 3994 ¹

341 4079 558 4162 detraheret,
573 4087 610 4149 et
625 4077 762 4174 singula
777 4097 924 4173 quaeque
936 4078 1126 4164 conferret,
1146 4079 1272 4177 quibus
1288 4079 1357 4153 col-
