2954 4776
668 329 702 340 -
729 262 848 354 roe-

241 487 244 492 -
302 437 353 530 De
378 431 444 504 hoc
467 428 643 525 Tarquinii
667 426 801 500 somnio
826 443 935 520 quum
958 423 1267 516 interrogarentur,

254 575 402 658 augures
418 554 626 652 respondere
641 578 652 626 a

313 732 393 804 Rex,
410 730 521 808 quaein
534 729 596 788 vita
611 731 756 806 usurpant
768 726 915 797 homines,
929 724 1072 797 cogitant,
1090 721 1209 792 curant,
1225 719 1272 778 u'·

1159 825 1268 911 [dent‚

314 945 452 1025 Quaque
465 943 742 1020 oportunitates,
758 943 948 1020 agitantque,
965 959 1001 1003 ea
1015 941 1039 1000 si
1053 939 1101 1000 cui
1120 939 1152 999 iu
1166 955 1272 998 somno

1094 1047 1270 1132 [accidunt‚

317 1163 410 1225 Minu’
424 1165 536 1225 mirum
548 1165 609 1239 est3
625 1163 675 1224 sed
691 1163 721 1223 in
736 1180 769 1224 re
783 1165 867 1223 tauta
880 1162 962 1223 haud
976 1165 1088 1250 temerp
1111 1159 1274 1238 improuisa

1108 1265 1273 1350 [offerunt.

319 1380 408 1441 Proin
428 1381 510 1453 ride,
533 1399 587 1453 ne,
604 1398 699 1458 quum
713 1383 743 1440 te
756 1377 796 1460 (l)
814 1396 876 1440 esse
896 1379 1036 1440 hebetem
1049 1378 1174 1458 deputes
1188 1395 1276 1456 aeque

1095 1486 1149 1564 [ac
1164 1503 1273 1565 pecus,

257 1599 259 1604 ’
323 1597 353 1658 ls
367 1600 510 1676 sapientia
523 1598 676 1658 munitum
691 1600 795 1676 pectus
808 1598 927 1671 egregie
943 1601 1043 1670 gerat,

318 1703 422 1782 Teque
435 1722 529 1778 regno
541 1703 670 1783 expellat
685 1725 693 1764 ι
708 1722 779 1764 nam
792 1703 833 1778 id,
849 1703 929 1782 quod
942 1702 979 1763 de
992 1703 1053 1764 sole
1067 1707 1218 1763 ostentum
1230 1706 1276 1762 est

1180 1807 1274 1886 [tihi‚

318 1917 432 1997 Populo
446 1920 712 1980 commutationem
724 1936 828 1980 rerum
841 1913 993 1997 portendit
1006 1915 1071 1977 lore

254 2039 258 2046 “
319 2029 588 2111 Perprcpinquam.
600 2029 674 2092 Haec
686 2030 762 2090 bene
772 2032 951 2090 verruncent
970 2026 1096 2107 populol
1116 2044 1186 2086 nam
1197 2026 1279 2103 quod

1050 2136 1109 2214 [ad
1124 2136 1279 2196 dexteram

322 2245 408 2325 Cepit
421 2263 542 2307 cursum
558 2247 596 2308 ab
607 2247 683 2308 laera
697 2247 816 2319 signum
829 2248 1015 2325 praepotens,
1032 2244 1234 2322 pulcherrime

324 2357 517 2430 Auguratum
532 2361 588 2431 est,
601 2375 667 2417 rem
679 2355 846 2416 Romanam
861 2355 1013 2434 publicem
1026 2373 1177 2415 summam
1190 2353 1266 2414 lore.

311 2541 472 2611 Fatemur
509 2540 669 2636 equidem
698 2541 772 2614 haee
801 2541 931 2626 latine,
966 2539 1068 2636 plane
1099 2551 1133 2612 et
1165 2551 1283 2636 aperte

265 2662 382 2735 scribi.
405 2665 519 2750 Quum
540 2676 656 2738 autem
681 2667 718 2738 in
742 2666 818 2738 istis
841 2666 981 2763 poetica
999 2664 1136 2737 virtutis
1153 2663 1283 2758 aliquid

264 2788 481 2884 inquiratur,
500 2790 537 2862 in
554 2813 689 2864 merum
709 2801 743 2862 et
759 2792 951 2889 graviorem
967 2791 1071 2862 etiarn
1089 2811 1284 2861 sermonem

265 2914 462 2989 incidimus.
493 2920 533 2988 ln
561 2917 734 2990 nonnullis
764 2941 901 3013 quoquc
929 2917 1127 2989 vetustioris
1158 2915 1284 3012 lingum

257 3051 455 3138 ¹supersunt
478 3040 616 3112 indicia.
648 3045 720 3113 Hoc
745 3036 861 3112 autem
881 3040 1074 3113 obsoletum
1097 3052 1131 3112 et
1155 3038 1285 3111 humile

269 3186 350 3234 cum
370 3162 430 3235 illa
447 3163 601 3260 priorum
619 3165 891 3261 fragmentorum
909 3163 1016 3237 nobili
1033 3175 1067 3236 et
1091 3164 1204 3236 adhue
1226 3187 1264 3236 re

271 3287 363 3359 centi
379 3287 544 3387 dignitate
560 3312 819 3386 componamus.

320 3415 428 3486 Voces
445 3415 616 3511 primum,
634 3439 720 3511 quas
737 3413 829 3510 apud
845 3413 1049 3510 Sophoclem
1061 3415 1098 3485 in
1116 3415 1288 3484 Trachiniis

274 3539 437 3612 Hercules
455 3540 544 3626 edit,
563 3541 741 3639 relegens,
761 3539 847 3613 diras
872 3541 909 3611 in
930 3552 1046 3637 partes
1065 3540 1158 3612 hunc
1176 3538 1290 3612 locum

275 3656 430 3744 dividam
451 3685 598 3757 quarum
615 3661 724 3734 altera
739 3687 781 3734 ex
797 3662 851 3734 his
868 3661 982 3734 verbis
999 3687 1010 3734 ε

523 3843 550 3908 0
565 3845 660 3906 multa
677 3846 893 3920 dictumue,
910 3848 968 3905 etc.

316 4046 351 4113 tt)
369 4046 416 4116 Te,
430 4044 470 4102 sie
480 4045 578 4114 Bothe;
591 4061 669 4118 quem
681 4051 726 4115 tu,
742 4045 799 4102 sine
814 4041 906 4102 dubio.
