2954 4776
609 319 793 380 ...103-

188 451 237 527 ait
247 452 364 532 Cicero
376 505 385 534 ,
402 449 487 526 Attii
500 447 711 524 carminibus
728 446 937 544 templorum
948 469 990 520 ac
1001 466 1205 520 monumen-

187 586 302 650 torum
322 574 437 648 aditus
456 575 634 646 exornavit
658 571 888 669 suorum-(1).
907 600 923 642 r
950 573 1144 659 Vitruvius,
1165 583 1206 644 ut

187 700 311 785 Ennii,
329 699 379 771 sic
395 699 480 771 Attii
497 697 568 770 iere
589 696 786 769 dedicatum
805 696 842 768 in
861 720 924 776 suo
940 707 1076 794 pectore
1092 697 1206 768 simu·-

187 821 320 900 lacrum
340 834 433 896 tenet
459 821 524 920 (2).
554 821 621 893 Sed
645 822 682 892 iu
708 844 769 906 eo,
795 821 824 892 si
849 843 919 893 non
945 821 1103 919 sanguis,
1122 819 1206 894 lima

188 945 405 1022 desideratur
431 947 496 1045 (3).
514 949 690 1032 venosus,
713 944 806 1042 apud
825 945 981 1022 Persium
1002 945 1075 1043 (l),
1095 946 1207 1020 siccus

189 1082 224 1144 et
236 1070 356 1158 dnus,
368 1073 405 1144 in
419 1070 556 1170 dialogo
575 1069 830 1144 decretoribus
849 1069 915 1167 (5),
935 1070 1004 1142 situ
1020 1070 1206 1144 verborum

189 1195 352 1293 squalens
377 1220 399 1268 a
424 1199 554 1268 Seneca
578 1206 733 1280 vocatur,
757 1218 837 1292 ep.,
859 1196 922 1268 58.
954 1195 1079 1267 Omnia
1104 1194 1210 1268 deni-

190 1342 258 1416 que
277 1319 379 1404 vitia,
401 1343 500 1414 quae,
523 1317 566 1391 de
582 1328 738 1389 veterum
756 1326 937 1414 poetarum
956 1316 1074 1414 lingua
1094 1317 1211 1390 disse-

191 1453 328 1528 rentes,
347 1453 450 1514 autea
467 1442 726 1527 recensuimus,
744 1441 781 1513 iu
798 1440 891 1514 illius
910 1441 1063 1538 reliquiis
1082 1441 1213 1539 passim

191 1576 387 1639 occurrunt.
409 1565 591 1664 Eligontur
609 1565 702 1638 enim
722 1589 742 1638 e
759 1565 1002 1663 pulcherrimis
1022 1566 1106 1638 Attii
1122 1566 1218 1664 frag·-

192 1689 319 1762 mentis
339 1688 428 1784 duo,
454 1687 580 1785 quihus
603 1700 720 1786 pateat
743 1690 911 1788 adquam
933 1691 1047 1788 poesis
1065 1691 1213 1790 gradum

192 1813 334 1910 provehi
361 1814 491 1911 possit,
511 1824 546 1886 et
568 1813 661 1886 unde
676 1814 852 1912 judicetur
871 1839 916 1888 en
941 1815 1002 1890 illa
1026 1837 1103 1914 quae
1122 1838 1219 1892 nunc

193 1939 388 2038 agitamus,
403 1949 528 2016 auctor
545 1939 711 2011 emiserit.

274 2169 379 2246 Quum
390 2172 454 2250 jem
469 2174 562 2251 quieti
575 2191 684 2252 corpus
697 2177 843 2234 nocturno
858 2175 977 2253 impetu

273 2277 366 2352 Dedi,
383 2296 488 2358 sopore
502 2277 622 2358 placans
637 2283 721 2341 artus
734 2278 912 2354 languidos,

274 2387 377 2450 visust
390 2390 423 2450 in
436 2391 547 2450 somnis
560 2392 662 2468 pastor
675 2389 715 2451 ad
723 2408 778 2450 me
795 2389 950 2470 adpellere

275 2493 373 2556 Pecus
385 2495 556 2570 lanigerum
569 2496 679 2557 eximia
690 2495 930 2575 pulchritudine,

275 2603 344 2674 Duo
359 2605 595 2677 consanguineos
607 2605 714 2664 arietes
727 2603 797 2665 inde
811 2603 897 2679 eligi,

275 2711 561 2790 Praelatiorsmqus
574 2711 707 2774 alterum
720 2712 856 2774 involare
869 2731 918 2773 me
930 2731 940 2787 3

267 2820 390 2882 -Deinde
404 2820 470 2898 ejus
483 2838 664 2894 germanum
677 2821 818 2883 cornibus
831 2822 976 2884 connitier

277 2927 314 2990 ln
327 2947 376 2990 ure
391 2930 533 3002 arietare,
550 2946 647 3006 eoque
660 2930 723 2990 ictu
736 2947 786 2990 me
801 2929 837 2991 ed
853 2947 956 2990 casum
970 2927 1056 3002 deri;¹

277 3036 357 3098 Exin
371 3039 554 3118 prostratum
566 3041 666 3111 terra,
680 3039 811 3112 graviter
825 3038 976 3111 saucium,

276 3143 463 3225 Resupinum
476 3147 507 3206 in
521 3145 597 3207 coelo
611 3147 747 3206 contueri
760 3146 928 3207 marimum
944 3163 979 3207 ac

280 3251 443 3316 Mirificum
457 3253 590 3328 lucinus,
607 3254 796 3316 dextrorsum
811 3255 915 3316 orbem
931 3254 1112 3316 flammeum

277 3363 439 3424 Radietum
452 3363 522 3424 solis
535 3363 644 3440 liquier
658 3381 749 3426 cursu
762 3381 840 3426 novo
855 3361 915 3445 (6).

238 3616 274 3690 (l)
293 3617 346 3672 Pro
358 3613 475 3684 Arellio,
492 3621 535 3673 ll.

236 3711 275 3781 (2)
292 3710 396 3768 vitruv.
410 3711 449 3766 De
462 3709 611 3782 Arolos,
627 3715 661 3783 9,
674 3716 701 3768 3.

206 3852 210 3862 ,
237 3808 274 3873 (3)
293 3804 406 3862 Velleius
417 3805 635 3878 Pacuuium,
649 3809 681 3862 9..

240 3903 276 3969 (l)
297 3900 384 3957 satire
400 3904 425 3971 t,
438 3915 465 3962 v.
477 3903 525 3958 76.

240 3993 276 4066 (5)
295 3993 403 4068 Diuico.
417 3994 449 4050 dc
464 3993 561 4066 Orat,
575 4010 600 4052 c.
614 3999 663 4054 at.

241 4088 279 4153 (s)
297 4091 391 4148 noue.
407 4092 526 4157 meos,
540 4093 604 4147 tet,
