2994 4774
619 285 788 345 ...17-

193 424 365 508 Ennium,
385 422 562 506 Nerion,
583 418 754 495 Lucilium
765 415 934 492 inritando
949 419 1156 504 consectari,
1173 430 1208 491 et

195 550 292 622 novis
309 547 469 621 laudibus
487 570 569 644 epos
587 568 751 618 exornare
768 542 954 616 nitebatur.

242 672 435 770 ,Odysseam
454 669 610 744 versibus
637 669 753 742 latinis
776 679 973 740 convertere
997 665 1112 740 Livius
1130 669 1210 739 An-

196 796 372 882 dronious‚
391 796 576 894 agrestiore
590 770 733 866 forsitan
743 792 875 890 lingua,
887 793 999 866 fuerat
1012 815 1207 890 aggressus.

171 991 174 996 .
197 919 260 992 llla
283 931 420 1006 tamen,
442 931 607 1016 tanquam
630 916 769 1014 aliquod
789 941 880 1013 opus
901 916 1051 1001 Daedali,
1071 919 1211 989 Cicero-

197 1069 277 1116 nem
303 1044 462 1118 delectat.
486 1045 593 1118 Nobis
617 1069 697 1116 vero
724 1044 887 1140 pauciora
913 1055 1099 1140 supersunt
1125 1044 1211 1115 Livii

195 1170 409 1268 fragmenta,
440 1195 545 1268 quam
572 1181 612 1242 ut
641 1193 720 1240 eum
755 1193 853 1264 aequa
881 1169 1054 1265 possimus
1081 1170 1212 1241 trutina

144 1298 149 1308 ’
196 1319 354 1392 pensare.
376 1293 428 1382 Illi
453 1293 594 1391 quidem
619 1293 892 1392 elegantissimos
907 1316 1028 1366 versus
1048 1291 1212 1366 adscribit

197 1420 420 1496 Terentianus
439 1421 605 1492 Maurus:

279 1597 338 1658 Sed
349 1597 413 1675 jam
428 1585 579 1677 purpureo
597 1615 681 1657 suras
695 1589 814 1658 include
828 1581 993 1669 cothurno,
1008 1600 1066 1657 etc.
1083 1599 1134 1676 (l).

199 1779 277 1852 quae
296 1781 404 1852 quum
422 1757 569 1854 Augusti
593 1757 717 1830 saeoulo
737 1749 806 1829 non
830 1755 989 1829 dedecor-i
1005 1757 1135 1841 forent,
1157 1759 1213 1829 vix
1241 1761 1244 1768 '

199 1883 338 1977 optimis
364 1884 450 1955 Livii
476 1884 668 1954 consentire
684 1881 858 1965 uidentur,
877 1893 912 1954 et
929 1905 1111 1954 commune
1129 1905 1214 1977 prae-

199 2004 289 2078 ferre
307 2018 415 2103 genus
433 2004 629 2077 istiusmodi
642 2004 829 2077 versibus:

281 2181 321 2242 At
332 2183 410 2241 oeler
425 2182 511 2242 hasta
522 2180 626 2242 volans
638 2182 807 2262 perrumpit
821 2184 941 2260 pectora
954 2179 1045 2242 ferro.

280 2345 397 2408 lnlerns
412 2365 451 2408 an
466 2363 592 2426 superus
606 2343 661 2406 tibi
673 2342 731 2404 fert
746 2344 812 2406 deu’
822 2342 943 2416 funera,
959 2342 1088 2422 Ulyres‘l

249 2509 395 2594 Ennius,
408 2519 448 2578 ut
461 2509 497 2578 in
511 2506 648 2591 iambis,
664 2504 836 2601 squalenti
848 2528 937 2601 saepe
951 2505 1045 2576 senio
1058 2515 1217 2599 turpatur

203 2643 238 2701 et
253 2632 384 2702 horret.
403 2635 443 2702 ln
459 2635 633 2702 Annalibus
650 2640 859 2701 ooourrunt:

466 2824 611 2898 Magnum
627 2843 722 2901 quum
736 2825 825 2885 lassu'
841 2824 900 2884 diei

282 2930 403 2991 Partem
419 2929 541 2993 iuvisset
557 2932 593 2992 de
608 2933 734 2992 summis
747 2932 831 2992 rebu’
845 2932 1005 3006 regundois

281 3037 422 3114 Consilio,
441 3042 518 3102 endo
532 3039 596 3101 foro
610 3040 691 3114 lato,
709 3046 871 3120 sanctoque
886 3045 1005 3102 senatu.

250 3205 320 3274 lata
335 3201 526 3300 legentem,
546 3227 652 3299 quam
673 3203 761 3276 dura
779 3205 849 3276 sint
866 3203 958 3301 apud
978 3205 1130 3274 Ennium
1148 3202 1217 3298 ple-

202 3349 322 3422 raque,
332 3351 544 3422 praemonere
558 3329 706 3399 otiosum
717 3340 782 3414 est;
799 3353 905 3424 quam
919 3329 1036 3425 gravia
1048 3337 1218 3422 almagno

202 3475 282 3522 oum
298 3450 449 3547 pondere
465 3452 591 3536 missa,
611 3461 780 3524 testentur
797 3452 870 3523 haeo
890 3449 982 3523 duo:

282 3627 437 3689 Curanteis
452 3646 644 3701 magnacum
661 3645 732 3688 oura
741 3673 748 3700 ‚
758 3611 975 3707 ¹concupientes

244 3731 245 3738 '
285 3737 412 3810 Regnoi,
432 3737 505 3796 dant
520 3745 644 3816 operam
660 3737 748 3797 simul
766 3735 896 3814 auspicio
911 3737 1108 3812 angurioquo.

240 3921 276 3991 (l)
292 3920 332 3978 Gi.
348 3922 421 3993 llirg.
432 3961 439 3992 ‚
452 3919 573 3992 AEneid.‚
586 3923 605 3978 l.
620 3927 645 3994 l,
661 3924 711 3978 337
726 3941 732 3978 :

309 4031 493 4102 Purpureoque
505 4032 558 4096 alte
571 4046 647 4088 suras
658 4032 755 4090 vincire
767 4032 904 4092 cothurno.

1075 4135 1094 4188 2
