2954 4776
722 352 885 412 ..90-

379 484 440 560 Qui
455 503 516 548 uon
531 483 658 546 funestis
670 485 825 564 liquerunt
837 486 952 548 lumina
965 485 1046 548 latis.

377 592 522 668 Argolicis
539 594 673 672 primum
691 597 726 655 ut
743 595 850 656 vestita
864 598 909 656 est
924 593 1070 656 classibus
1086 591 1189 669 Anbs,

378 699 455 775 Quae
467 701 588 763 Priamo
603 701 719 762 cladem
735 705 766 762 et
780 701 878 781 Trojm
897 705 1073 781 pestemque
1092 700 1250 780 retenone

380 811 455 886 Nos,
472 813 586 872 circum
605 811 708 873 latices
726 812 853 886 gelidos,
870 810 1057 873 fumantibus
1073 813 1149 887 aris,

379 921 533 996 Aurigeris
546 922 650 983 divum
668 922 821 1001 placantes
844 923 970 982 numina
984 923 1103 996 tauris,

378 1029 441 1092 Sub
452 1031 573 1111 platano
587 1030 749 1093 umbrifera
758 1075 768 1105 ,
777 1030 851 1092 ‘iens
867 1029 948 1092 unde
964 1034 1087 1092 emanat
1101 1032 1211 1108 aquai,

377 1138 516 1202 Vidimus
534 1143 659 1203 immani
674 1141 781 1221 specie,
798 1143 941 1218 tortuque
955 1139 1117 1201 draconem

377 1247 568 1323 Terribilem,
590 1249 670 1312 lovis
684 1254 719 1312 ut
734 1247 824 1328 pulsu
840 1248 1017 1328 penetrabat
1032 1247 1070 1311 ab
1092 1265 1164 1322 ara3

379 1354 440 1430 Qui
450 1358 563 1438 platani
573 1360 605 1420 in
616 1377 701 1420 ramo
711 1358 852 1420 foliorum
865 1359 999 1433 tegmine
1012 1361 1112 1438 septos

306 1547 308 1552 Ι
379 1461 530 1546 Corripuit
548 1466 668 1546 pullos:
684 1485 864 1545 quosquum
885 1470 1075 1532 consumeret
1088 1469 1172 1541 octo,

377 1573 462 1638 Nona
482 1594 571 1656 super
585 1576 716 1637 tremulo
731 1579 858 1652 genitrix
872 1575 1013 1650 clangore
1027 1576 1148 1638 volabat
1163 1599 1171 1636 ι

377 1681 435 1767 Cui
448 1683 531 1746 ierus
542 1685 667 1746 immani
683 1684 806 1746 laniavit
819 1686 932 1746 viscera
947 1702 1062 1746 morsu.

377 1791 482 1866 Hunc,
499 1794 552 1854 ubi
563 1798 626 1855 mm
637 1797 756 1856 teneros
772 1794 910 1855 volucres
923 1797 1114 1871 matremque
1127 1793 1271 1872 peremit,

377 1898 439 1976 Qui
457 1903 519 1964 luci
531 1903 685 1977 ediderat,
708 1905 824 1977 genitor
839 1903 1093 1966 Saturniris-idem

378 2009 520 2086 Abdidit,
544 2022 575 2075 et
593 2013 669 2074 duro
686 2013 818 2076 muravit
833 2015 968 2088 tegmina
983 2029 1066 2074 saxo.

378 2118 438 2179 Nos
453 2124 556 2184 autem
569 2121 667 2184 timidi
683 2125 810 2195 stantes,
827 2120 964 2182 mirabile
982 2122 1156 2179 monstrum

376 2223 515 2288 Vidimus
529 2229 560 2288 in
573 2228 678 2289 mediis
695 2228 800 2289 divum
819 2229 962 2288 versarier
980 2227 1051 2288 aris.

378 2332 457 2394 Tum
469 2331 593 2395 Calchas
603 2333 669 2394 baec
680 2338 724 2394 est
735 2333 839 2394 tidenti
852 2351 923 2394 voce
932 2333 1072 2394 locutus:

379 2439 532 2514 Quidnam
546 2446 699 2520 torpentes
716 2442 815 2502 subito
829 2442 1033 2520 obstupuistis,
1050 2439 1183 2502 debirit

379 2547 471 2610 Nobis
484 2548 549 2610 bec
562 2552 702 2629 portenta
716 2550 807 2610 deum
821 2548 903 2610 dedit
916 2550 979 2629 ipse
993 2549 1130 2620 creator,

377 2657 477 2720 Tarda
490 2664 521 2720 et
532 2676 599 2720 scra
614 2661 718 2746 nimis,
734 2659 786 2722 sed
799 2659 881 2722 iama
893 2664 923 2722 et
935 2657 1026 2720 laude
1039 2655 1166 2737 pereuni
1181 2674 1191 2715 ε

377 2767 455 2831 Nam
474 2773 548 2848 quot
564 2785 633 2831 aves
649 2773 726 2831 tetro
739 2773 886 2832 mactatas
899 2769 989 2830 deute
1002 2766 1132 2839 videtis,
1215 2793 1217 2800 v

377 2875 436 2938 Tot
448 2895 501 2940 uos
514 2879 552 2940 ad
566 2879 689 2958 Troiam
704 2879 775 2943 belli
790 2878 1017 2942 exanclabimus
1031 2892 1139 2948 anuos,

359 3027 361 3032 ι
379 2983 456 3058 Quae
471 2987 587 3050 decimo
598 2990 696 3063 cadet,
718 2994 749 3051 et
763 3008 852 3069 poena
867 2988 987 3050 satiabit
998 2985 1140 3046 Achivos.

377 3091 479 3155 Edidit
493 3097 559 3156 baec
575 3087 700 3157 Calchas
712 3075 723 3157 i
738 3098 880 3175 quaejam
895 3100 1016 3157 matura
1028 3092 1134 3154 videtis
1149 3088 1202 3176 (i).
1223 3107 1240 3148 u

346 3277 386 3347 ln
400 3274 468 3348 illis
487 3276 649 3373 equidem
672 3279 790 3350 Cicero
820 3277 962 3350 liberius
979 3276 1170 3360 immutat,
1192 3274 1317 3344 iterate

295 3399 435 3486 recidit,
455 3399 558 3498 paulo
577 3401 707 3476 laetiora
737 3401 864 3499 quibus
891 3402 1086 3473 Graecorum
1104 3396 1246 3470 uberius
1263 3395 1316 3466 in·

294 3526 435 3621 genium
450 3525 661 3615 delectatur,
677 3538 739 3602 aut
749 3528 927 3627 negbgens
938 3537 998 3599 aut
1011 3525 1200 3624 desperans
1214 3520 1315 3594 omit-

295 3649 356 3735 tit;
385 3651 471 3724 illud
501 3664 618 3728 cutem
645 3654 813 3751 simplex,
853 3652 979 3738 molle,
1008 3649 1314 3742 ommiumque

296 3773 517 3872 singulariter
536 3779 685 3865 eminet,
717 3789 752 3852 et
779 3779 934 3876 legentes
958 3777 1065 3851 allicit
1090 3786 1125 3848 et
1148 3772 1315 3869 illaqueat

294 3895 478 3978 Homerus,
494 3896 587 3993 apud
601 3897 826 3995 interpretem
839 3897 970 3972 irustra
985 3895 1155 3994 requiras.
1176 3888 1313 3977 Quibus

333 4111 368 4183 a)
387 4113 424 4170 ne
437 4111 539 4186 crore,
553 4114 571 4172 ι.
585 4118 617 4187 a,
632 4119 676 4174 so.
689 4114 784 4183 uua,
799 4119 826 4187 e,
840 4117 904 4176 ree.
