2994 4774
619 414 656 426 ..
680 382 718 439 57
742 417 777 426 ..

240 520 329 588 Dum
341 515 446 587 choro
463 513 693 588 coelicolarum
702 515 928 598 immiscetur,
942 515 1002 609 qui
1019 514 1074 584 vel
1091 511 1203 584 abillo

191 639 280 711 facta
305 649 518 722 memorant,
542 637 596 710 vel
621 637 719 709 illum
742 637 883 709 monitis
906 637 1069 721 edocent,
1099 660 1205 733 quam

189 763 323 835 interea
351 785 535 860 personam
561 759 654 859 agit?
678 763 723 833 Ut
746 763 783 832 in
803 761 950 846 sabulis,
977 772 1111 834 mutam
1128 761 1204 833 lor-

191 896 305 972 tasse,
323 887 502 957 immotam
526 885 639 966 certe,
661 883 851 980 eodemque
873 885 910 955 in
931 885 1076 982 vestigio
1105 894 1206 954 stan-

191 1021 274 1096 tem,
296 1010 404 1083 donec
420 1035 441 1082 a
456 1008 668 1108 principibus
692 1008 758 1082 diis
784 1009 950 1106 incipiens
968 1010 1013 1082 ad
1029 1008 1206 1083 coelestem

190 1132 403 1230 plebeculam
426 1133 596 1233 gradatim
625 1132 777 1206 laudatio
807 1129 1035 1207 descenderit.
1064 1134 1207 1206 Inutiles

155 1267 158 1275 '
191 1258 295 1330 etiam
308 1269 425 1355 partes
442 1260 478 1330 in
493 1257 636 1331 deorum
648 1259 791 1331 concilio
806 1261 965 1332 sustinet.
982 1261 1101 1362 Neque
1114 1259 1207 1330 enim

189 1407 253 1480 per
267 1365 339 1456 tres
353 1383 459 1456 libros
475 1395 655 1470 monetur;
674 1385 775 1481 plura
792 1386 925 1457 narrari
938 1382 1078 1469 dehent,
1103 1407 1207 1480 quam

191 1531 212 1579 a
228 1507 295 1580 diis
312 1508 439 1581 doceri.
457 1510 519 1581 Cui
538 1533 618 1582 vero
635 1508 844 1582 narrantur?
861 1511 1036 1594 Ciceroni,
1057 1509 1117 1603 qui
1134 1506 1208 1580 tali·

190 1629 256 1703 bus
274 1621 417 1703 minime
433 1630 648 1704 documentis
667 1632 811 1730 indiget.

238 1757 393 1851 Denique
405 1757 520 1827 Cicero
531 1779 602 1827 uon
612 1755 867 1842 animadvertit,
879 1781 988 1852 quum
1001 1780 1022 1827 a
1033 1781 1070 1827 se
1087 1753 1209 1827 nohili-

190 1892 244 1953 ter
263 1894 297 1953 et
318 1893 456 1954 strenue
474 1882 565 1954 faeta
582 1882 734 1954 divinam
760 1884 796 1953 in
822 1907 961 1955 scenam
981 1882 1207 1966 transferret,

192 2004 281 2076 effici
297 2007 414 2077 statim
435 2016 474 2077 ut
491 2004 609 2077 fabula
625 2007 803 2102 quadam,
827 2031 897 2078 non
914 2009 990 2103 ipsa
1005 2031 1060 2078 res
1079 2007 1134 2102 agi
1152 2006 1209 2076 vi-

192 2131 344 2204 deretur.
368 2134 439 2204 Ista
460 2133 676 2204 terrestrium
702 2131 965 2204 adumbratione
994 2131 1125 2204 coelesti
1143 2131 1210 2201 fri-

192 2267 274 2354 gent
294 2258 428 2342 omnia3
459 2259 585 2330 veritas
613 2259 831 2331 simulatione
848 2268 982 2355 torpet,
1013 2281 1096 2328 suus
1117 2255 1211 2328 color

192 2381 362 2479 abripitur
378 2382 501 2467 rebus,
521 2383 633 2455 omnis
650 2383 794 2455 aetionis
809 2392 925 2454 motus
940 2391 1066 2465 cessat,
1086 2379 1210 2476 legen-

192 2507 306 2602 tisque
344 2507 498 2579 studium
540 2508 778 2605 restinguitur.
826 2507 1027 2579 Ciceronem
1068 2504 1208 2576 omnino

192 2630 344 2723 praeterit
362 2629 456 2701 nullo
481 2639 639 2724 poemate
659 2653 758 2700 suam
779 2627 918 2699 laudem
938 2628 1044 2698 altius
1068 2626 1205 2710 efferri,

196 2757 231 2819 et
248 2772 441 2844 nusquam,
461 2762 521 2822 aut
539 2751 670 2846 magis,
688 2761 747 2821 aut
767 2750 915 2821 vividius
933 2775 1036 2822 suum
1055 2751 1210 2820 animum

195 2871 347 2967 spirare,
370 2895 475 2967 quam
506 2895 615 2967 quum
644 2870 856 2943 orationibus
879 2873 915 2942 in
948 2870 1130 2944 Catilinam
1154 2870 1211 2941 de-

198 2997 360 3082 seviens,
381 2996 499 3093 patriae
525 2996 676 3068 caritatis
696 2994 950 3098 nobilissimum
978 3017 1118 3066 carmen
1138 2993 1208 3066 edi-

192 3119 296 3193 derit.
366 3131 368 3138 ‘

241 3246 287 3318 At
308 3246 391 3318 satis
410 3257 505 3344 patet
530 3270 600 3344 qua
629 3259 745 3321 mente
776 3247 901 3322 ductus
928 3247 1018 3318 hanc
1036 3246 1207 3343 poematis

194 3371 310 3443 tritam
338 3373 508 3445 rationem
526 3373 678 3472 elegerit.
701 3376 763 3447 Hic
787 3375 893 3446 ctiam
916 3383 1031 3444 orator
1048 3383 1082 3443 et
1097 3371 1196 3466 politi

193 3520 254 3567 cus
274 3508 428 3593 apparet.
447 3499 635 3570 inimicitia
647 3506 721 3596 jam
738 3496 921 3583 exardent,
939 3493 1109 3568 conflatur
1125 3495 1209 3566 invi·

194 3619 263 3706 dia,
283 3621 409 3716 quibus
426 3623 676 3696 occurrendum
686 3635 749 3696 est.
766 3627 917 3694 Deorum
932 3621 1037 3718 igitur
1050 3621 1205 3704 numine,

193 3743 362 3841 quidquid
380 3749 488 3845 egerit
503 3749 540 3819 in
551 3748 745 3833 consulatu,
759 3770 958 3819 consecrare
976 3745 1104 3817 studet.
1124 3742 1208 3816 lnde

195 3869 441 3942 concionantur
460 3881 494 3942 et
509 3874 662 3945 Minerva
681 3883 715 3943 ct
734 3872 867 3966 Jupiter
886 3880 919 3942 et
939 3869 1067 3940 Urania
1084 3878 1118 3938 et
1132 3866 1208 3938 Cal-

195 3991 301 4089 liope;
321 3996 401 4068 inde
412 3999 518 4069 tutari
534 3997 695 4070 laborant
711 4019 798 4093 quas
811 3996 847 4066 in
865 3994 1041 4092 republica
1057 3991 1209 4090 gerenda

196 4127 311 4211 partes
331 4121 447 4193 Cicero
465 4123 628 4218 suscepit,
650 4131 684 4192 et
700 4145 780 4192 eum
799 4121 835 4190 in
852 4119 974 4192 eadem
988 4119 1136 4189 retinere
1153 4115 1209 4188 via
