2954 4776
670 315 853 376 ...1θῇ-

309 447 423 531 Quum
440 448 545 545 igitur
558 444 654 518 nulla
670 445 770 518 nohis
794 445 959 518 afferatur
975 445 1184 526 auctoritas,
1204 467 1275 539 qua

261 571 374 644 locum
393 595 412 644 e
430 569 822 668 Sophocleconrersum
840 571 994 642 Ciceroni
1012 570 1186 666 possimus
1202 569 1277 640 eri-

258 719 364 793 pere,
399 695 586 792 quaerimns
612 707 730 768 utrum
755 695 918 794 Scaligeri
949 695 1099 792 suspicio
1130 693 1277 767 Charisii

260 821 524 892 affirmationem
542 831 705 917 praestare
724 831 759 892 et
777 819 1114 918 111111111161611111661.Ι

309 947 385 1018 Jam
401 969 482 1018 vero
500 970 610 1041 quum
630 969 652 1016 a
666 944 938 1044 conjectantibus
953 945 997 1018 dc
1014 945 1187 1016 Promethei
1203 941 1278 1014 loco

263 1069 519 1154 dictumsit,cx
530 1071 631 1144 Nonii
650 1071 765 1144 verbis
783 1071 924 1144 alterius
942 1092 1079 1166 quoque
1095 1067 1280 1168 fragmenti

260 1193 393 1266 fontem
409 1195 561 1291 agnosci,
580 1217 695 1267 nonne
705 1196 834 1292 pariter
846 1194 945 1267 nobis
956 1193 1161 1267 concludere
1173 1193 1280 1266 ticet:

264 1317 439 1390 Charisius
466 1343 537 1392 non
563 1319 677 1394 solum
702 1320 899 1417 Sophoclis,
918 1320 980 1393 sed
1005 1321 1111 1392 etiam
1126 1318 1282 1418 AEschyli

264 1441 378 1514 locum
395 1445 566 1516 Ciceronis
580 1445 809 1517 imitationem
826 1467 902 1516 esse
915 1441 1111 1516 convincit?

313 1567 516 1640 Criticorum
532 1569 737 1641 testimoniis
754 1567 889 1654 allatis,
908 1577 947 1639 ut
963 1569 1000 1639 in
1014 1569 1214 1652 Promctluo,
1234 1567 1284 1638 sic

266 1691 303 1760 in
322 1692 494 1762 Trachiniis
511 1693 683 1766 Ciceronis
700 1717 838 1790 quoque
855 1691 1010 1765 subsidio
1027 1693 1183 1764 nitimur.
1202 1689 1286 1762 Nul-

266 1812 340 1884 lum
358 1816 581 1910 interpretem
598 1815 669 1902 1116,
687 1817 748 1890 6611
766 1820 882 1914 ipsum
899 1813 1104 1913 Sophoclem
1117 1813 1282 1910 appellat,

268 1935 323 2008 his
347 1937 491 2012 verbis:
517 1939 618 2013 «Sed
635 1942 822 2015 uideamus
848 1940 1030 2013 Herculem
1059 1940 1195 2035 ipsum,
1226 1938 1287 2034 qui

268 2071 343 2132 tum
359 2061 477 2135 dolore
501 2063 737 2163 frangebatur,
757 2089 866 2161 quum
889 2051 1186 2136 immortalitatem
1210 2062 1288 2158 ipsa

271 2199 382 2260 morte
398 2188 586 2285 querebat.
607 2192 700 2275 Quas
720 2190 778 2262 hic
795 2214 897 2264 voces
921 2188 1014 2287 apud
1030 2185 1235 2284 Sophoclem
1250 2187 1288 2258 111

274 2314 445 2384 Trachiniis
462 2312 552 2386 edit!
569 2343 586 2381 s
858 2289 861 2294 ¹

319 2437 374 2510 Ad
404 2437 468 2510 hoc
502 2448 745 2534 argumentum
775 2434 1051 2510 confirmandum
1082 2459 1123 2506 ea
1152 2455 1291 2530 quoque

272 2559 409 2648 valent,
428 2584 506 2656 quae
521 2572 600 2658 post
616 2560 757 2634 laudata
775 2563 892 2638 Cicero
916 2560 1065 2658 subiicit.
1086 2560 1288 2640 (1616111111,

272 2695 396 2782 prater
425 2711 524 2759 suam
550 2687 854 2774 consuetudinem,
882 2688 1000 2759 critico
1024 2685 1118 2758 velut
1144 2707 1290 2756 excursu

273 2835 468 2885 sermonem
487 2813 764 2912 philosophicum
781 2814 975 2910 abrumpit,
997 2822 1031 2886 ct
1048 2835 1148 2883 suam
1165 2808 1290 2907 agendi

272 2935 441 3008 rationem
469 2937 660 3032 approbare
686 2937 826 3020 nititur,
855 2937 885 3006 si
912 2932 1087 3030 quoddam
1110 2931 1290 3004 Attianum

274 3061 579 3156 notissimumque,
599 3085 662 3132 suo
682 3083 796 3143 more,
816 3069 952 3130 tantum
969 3054 1174 3153 protulerit?

320 3183 426 3257 Nobis
459 3183 623 3280 quidem,
651 3184 767 3256 omnia
795 3206 873 3278 quae
906 3181 1143 3278 congessimus
1176 3179 1291 3253 adhuc

274 3320 501 3408 argumenta,
529 3320 569 3382 ut
593 3319 713 3382 auctor
739 3309 920 3405 utriusque
945 3308 1128 3405 fragmenti
1155 3306 1291 3403 reperi·-

274 3444 382 3519 retur,
410 3434 609 3506 nonnullius
635 3432 796 3531 ponderis
825 3457 900 3505 esse
922 3431 1096 3504 videntur.
1122 3431 1290 3504 Ultimum

181 3547 183 3559 ’
272 3581 373 3643 vero,
389 3559 482 3657 quod
492 3561 584 3632 inter
598 3561 761 3657 pleraque
771 3560 878 3634 critici
890 3558 1068 3657 negligunt
1079 3613 1089 3644 ,
1102 3554 1291 3653 praemissis

275 3683 379 3756 etiam
396 3684 513 3756 auxilii
536 3709 606 3758 non
623 3685 710 3756 nihil
729 3688 857 3758 afferre
875 3694 1002 3780 potest.
1025 3682 1114 3756 Illud
1133 3691 1250 3760 autem
1271 3701 1290 3750 e

275 3807 546 3906 fragmentorum
564 3808 718 3880 oratione
734 3809 935 3905 repetimus.
1126 3789 1127 3794 ἵ

325 3933 506 4004 Summum
524 3930 701 4029 ingenium
728 3931 765 4002 in
787 3931 882 4002 Attio
900 3931 1006 4002 luisse
1029 3941 1062 4002 et
1081 3951 1178 4025 pane
1196 3926 1292 3999 divi-

276 4081 360 4128 num
377 4079 496 4130 omnes
515 4035 757 4128 consentiunt:
778 4081 794 4122 1
811 4054 971 4128 Decimus
988 4051 1288 4150 quidem'Brutua

394 4544 576 4737 2(
665 4448 1058 4738 §Cr
