<?xml version="1.0" encoding="UTF-8"?>
<!DOCTYPE html PUBLIC "-//W3C//DTD XHTML 1.0 Transitional//EN"
    "http://www.w3.org/TR/xhtml1/DTD/xhtml1-transitional.dtd">
<html xmlns="http://www.w3.org/1999/xhtml" xml:lang="en" lang="en">
 <head>
  <title>
</title>
<meta http-equiv="Content-Type" content="text/html;charset=utf-8" />
  <meta name='ocr-system' content='tesseract 3.04.00' />
  <meta name='ocr-capabilities' content='ocr_page ocr_carea ocr_par ocr_line ocrx_word'/>
</head>
<body>
  <div class='ocr_page' id='page_1' title='image "./depoeticamtulli00fagugoog_0137.png"; bbox 0 0 2954 4776; ppageno 0'>
   <div class='ocr_carea' id='block_1_1' title="bbox 275 277 1319 2082">
    <p class='ocr_par' dir='ltr' id='par_1_1' title="bbox 276 277 1296 627">
     <span class='ocr_line' id='line_1_1' title="bbox 658 277 880 338; baseline 0 0"><span class='ocrx_word' id='word_1_1' title='bbox 658 295 661 304; x_wconf 74' lang='lat'><em>=</em></span> <span class='ocrx_word' id='word_1_2' title='bbox 695 311 735 324; x_wconf 82' lang='lat'>-·</span> <span class='ocrx_word' id='word_1_3' title='bbox 759 277 818 338; x_wconf 76' lang='lat' dir='ltr'>rer</span> <span class='ocrx_word' id='word_1_4' title='bbox 839 309 880 324; x_wconf 86' lang='lat'>-</span> 
     </span>
     <span class='ocr_line' id='line_1_2' title="bbox 277 407 1296 508; baseline -0.002 -24"><span class='ocrx_word' id='word_1_5' title='bbox 277 422 313 484; x_wconf 90' lang='lat' dir='ltr'>et</span> <span class='ocrx_word' id='word_1_6' title='bbox 328 411 402 508; x_wconf 84' lang='lat' dir='ltr'>ipse</span> <span class='ocrx_word' id='word_1_7' title='bbox 417 410 596 486; x_wconf 86' lang='lat' dir='ltr'>Lucretius</span> <span class='ocrx_word' id='word_1_8' title='bbox 612 407 1067 506; x_wconf 82' lang='lat' dir='ltr'>editoprinsoperinovam</span> <span class='ocrx_word' id='word_1_9' title='bbox 1085 431 1206 482; x_wconf 85' lang='lat' dir='ltr'>euram</span> <span class='ocrx_word' id='word_1_10' title='bbox 1221 409 1296 482; x_wconf 91' lang='lat' dir='ltr'>im-</span> 
     </span>
     <span class='ocr_line' id='line_1_3' title="bbox 276 525 457 627; baseline -0.011 -27"><span class='ocrx_word' id='word_1_11' title='bbox 276 525 457 627; x_wconf 83' lang='lat' dir='ltr'>penderit?</span> 
     </span>
    </p>

    <p class='ocr_par' dir='ltr' id='par_1_2' title="bbox 275 647 1319 2082">
     <span class='ocr_line' id='line_1_4' title="bbox 322 647 1297 748; baseline -0.002 -24"><span class='ocrx_word' id='word_1_12' title='bbox 322 654 401 732; x_wconf 89' lang='lat' dir='ltr'>Non</span> <span class='ocrx_word' id='word_1_13' title='bbox 418 649 580 748; x_wconf 78' lang='lat' dir='ltr'><strong>equidem</strong></span> <span class='ocrx_word' id='word_1_14' title='bbox 606 649 706 724; x_wconf 83' lang='lat' dir='ltr'>focile</span> <span class='ocrx_word' id='word_1_15' title='bbox 723 647 929 732; x_wconf 79' lang='lat' dir='ltr'>crediderim</span> <span class='ocrx_word' id='word_1_16' title='bbox 946 649 1028 722; x_wconf 90' lang='lat' dir='ltr'>huic</span> <span class='ocrx_word' id='word_1_17' title='bbox 1045 652 1197 748; x_wconf 78' lang='lat' dir='ltr'><strong>poemati</strong></span> <span class='ocrx_word' id='word_1_18' title='bbox 1223 659 1297 722; x_wconf 86' lang='lat' dir='ltr'>tam</span> 
     </span>
     <span class='ocr_line' id='line_1_5' title="bbox 276 759 1319 876; baseline -0.002 -28"><span class='ocrx_word' id='word_1_19' title='bbox 276 774 958 876; x_wconf 76' lang='lat' dir='ltr'>sedulamaCiceronenauatnmoperam</span> <span class='ocrx_word' id='word_1_20' title='bbox 971 769 1092 846; x_wconf 81' lang='lat' dir='ltr'>inisse.</span> <span class='ocrx_word' id='word_1_21' title='bbox 1110 773 1296 859; x_wconf 86' lang='lat' dir='ltr'>Ille-enim,</span> <span class='ocrx_word' id='word_1_22' title='bbox 1315 759 1319 766; x_wconf 67' lang='grc'><strong>’</strong></span> 
     </span>
     <span class='ocr_line' id='line_1_6' title="bbox 276 889 1300 994; baseline 0 -24"><span class='ocrx_word' id='word_1_23' title='bbox 276 921 382 994; x_wconf 90' lang='lat' dir='ltr'>quem</span> <span class='ocrx_word' id='word_1_24' title='bbox 398 897 646 994; x_wconf 67' lang='lat' dir='ltr'>Epicureorum</span> <span class='ocrx_word' id='word_1_25' title='bbox 662 897 791 994; x_wconf 82' lang='lat' dir='ltr'>ubique</span> <span class='ocrx_word' id='word_1_26' title='bbox 810 895 1000 970; x_wconf 80' lang='lat' dir='ltr'>derisorem</span> <span class='ocrx_word' id='word_1_27' title='bbox 1022 889 1300 972; x_wconf 82' lang='lat' dir='ltr'>infensissimum</span> 
     </span>
     <span class='ocr_line' id='line_1_7' title="bbox 276 1021 1302 1119; baseline 0 -25"><span class='ocrx_word' id='word_1_28' title='bbox 276 1021 1302 1119; x_wconf 82' lang='lat' dir='ltr'>reperimus‚numeorumdcctrinamnovisilleccbrisexor-</span> 
     </span>
     <span class='ocr_line' id='line_1_8' title="bbox 276 1144 1303 1244; baseline 0 -26"><span class='ocrx_word' id='word_1_29' title='bbox 276 1157 395 1218; x_wconf 86' lang='lat' dir='ltr'>natam</span> <span class='ocrx_word' id='word_1_30' title='bbox 413 1147 587 1220; x_wconf 90' lang='lat' dir='ltr'>studiosus</span> <span class='ocrx_word' id='word_1_31' title='bbox 604 1148 641 1219; x_wconf 94' lang='lat' dir='ltr'>in</span> <span class='ocrx_word' id='word_1_32' title='bbox 661 1147 779 1220; x_wconf 90' lang='lat' dir='ltr'>lucem</span> <span class='ocrx_word' id='word_1_33' title='bbox 790 1144 1098 1244; x_wconf 65' lang='lat' dir='ltr'>protuliti‘Obstet</span> <span class='ocrx_word' id='word_1_34' title='bbox 1115 1147 1192 1242; x_wconf 86' lang='lat' dir='ltr'>ipsa</span> <span class='ocrx_word' id='word_1_35' title='bbox 1213 1156 1303 1218; x_wconf 90' lang='lat' dir='ltr'>tem·</span> 
     </span>
     <span class='ocr_line' id='line_1_9' title="bbox 275 1259 1297 1368; baseline 0 -26"><span class='ocrx_word' id='word_1_36' title='bbox 275 1294 401 1368; x_wconf 92' lang='lat' dir='ltr'>porum</span> <span class='ocrx_word' id='word_1_37' title='bbox 424 1271 532 1357; x_wconf 87' lang='lat' dir='ltr'>ratio,</span> <span class='ocrx_word' id='word_1_38' title='bbox 556 1295 600 1344; x_wconf 93' lang='lat' dir='ltr'>ne</span> <span class='ocrx_word' id='word_1_39' title='bbox 630 1271 679 1343; x_wconf 89' lang='lat' dir='ltr'>sio</span> <span class='ocrx_word' id='word_1_40' title='bbox 705 1295 726 1342; x_wconf 89' lang='lat' dir='ltr'>a</span> <span class='ocrx_word' id='word_1_41' title='bbox 752 1271 824 1342; x_wconf 89' lang='lat' dir='ltr'>suis</span> <span class='ocrx_word' id='word_1_42' title='bbox 852 1268 1070 1368; x_wconf 75' lang='lat' dir='ltr'>opinionibus</span> <span class='ocrx_word' id='word_1_43' title='bbox 1097 1259 1297 1342; x_wconf 72' lang='lat' dir='ltr'>desciverit.</span> 
     </span>
     <span class='ocr_line' id='line_1_10' title="bbox 277 1391 1302 1491; baseline -0.003 -25"><span class='ocrx_word' id='word_1_44' title='bbox 277 1392 390 1466; x_wconf 81' lang='lat' dir='ltr'><strong>Anxia</strong></span> <span class='ocrx_word' id='word_1_45' title='bbox 403 1404 478 1466; x_wconf 92' lang='lat' dir='ltr'>tum</span> <span class='ocrx_word' id='word_1_46' title='bbox 492 1392 725 1466; x_wconf 82' lang='lat' dir='ltr'>sollicitudine</span> <span class='ocrx_word' id='word_1_47' title='bbox 734 1417 839 1467; x_wconf 75' lang='lat' dir='ltr'>cauca</span> <span class='ocrx_word' id='word_1_48' title='bbox 849 1393 987 1472; x_wconf 79' lang='lat' dir='ltr'>Milonis</span> <span class='ocrx_word' id='word_1_49' title='bbox 1001 1417 1083 1466; x_wconf 89' lang='lat' dir='ltr'>eum</span> <span class='ocrx_word' id='word_1_50' title='bbox 1096 1391 1205 1491; x_wconf 84' lang='lat' dir='ltr'>angit.</span> <span class='ocrx_word' id='word_1_51' title='bbox 1226 1394 1302 1464; x_wconf 89' lang='lat' dir='ltr'>Ins-</span> 
     </span>
     <span class='ocr_line' id='line_1_11' title="bbox 278 1505 1303 1614; baseline 0 -28"><span class='ocrx_word' id='word_1_52' title='bbox 278 1525 354 1586; x_wconf 86' lang='lat' dir='ltr'>tant</span> <span class='ocrx_word' id='word_1_53' title='bbox 374 1525 409 1588; x_wconf 92' lang='lat' dir='ltr'>et</span> <span class='ocrx_word' id='word_1_54' title='bbox 427 1514 620 1588; x_wconf 83' lang='lat' dir='ltr'>Clodius-et</span> <span class='ocrx_word' id='word_1_55' title='bbox 635 1515 736 1614; x_wconf 81' lang='lat' dir='ltr'>fuga,</span> <span class='ocrx_word' id='word_1_56' title='bbox 764 1526 798 1588; x_wconf 88' lang='lat' dir='ltr'>et</span> <span class='ocrx_word' id='word_1_57' title='bbox 822 1515 920 1588; x_wconf 81' lang='lat' dir='ltr'>brevi</span> <span class='ocrx_word' id='word_1_58' title='bbox 946 1537 1064 1588; x_wconf 88' lang='lat' dir='ltr'>rerum</span> <span class='ocrx_word' id='word_1_59' title='bbox 1089 1537 1131 1586; x_wconf 89' lang='lat' dir='ltr'>ea</span> <span class='ocrx_word' id='word_1_60' title='bbox 1155 1505 1303 1611; x_wconf 81' lang='lat' dir='ltr'>pertur-</span> 
     </span>
     <span class='ocr_line' id='line_1_12' title="bbox 276 1631 1303 1736; baseline 0 -26"><span class='ocrx_word' id='word_1_61' title='bbox 276 1639 390 1725; x_wconf 82' lang='lat' dir='ltr'>batio,</span> <span class='ocrx_word' id='word_1_62' title='bbox 418 1662 488 1734; x_wconf 89' lang='lat' dir='ltr'>qua</span> <span class='ocrx_word' id='word_1_63' title='bbox 507 1648 640 1719; x_wconf 17' lang='lat' dir='ltr'>*uexatis</span> <span class='ocrx_word' id='word_1_64' title='bbox 666 1637 727 1710; x_wconf 91' lang='lat' dir='ltr'>din</span> <span class='ocrx_word' id='word_1_65' title='bbox 755 1637 950 1736; x_wconf 70' lang='lat' dir='ltr'>reipublicae</span> <span class='ocrx_word' id='word_1_66' title='bbox 974 1633 1117 1710; x_wconf 84' lang='lat' dir='ltr'>tandein</span> <span class='ocrx_word' id='word_1_67' title='bbox 1137 1631 1303 1736; x_wconf 83' lang='lat' dir='ltr'>immergi</span> 
     </span>
     <span class='ocr_line' id='line_1_13' title="bbox 278 1763 1301 1862; baseline 0 -28"><span class='ocrx_word' id='word_1_68' title='bbox 278 1786 419 1836; x_wconf 87' lang='lat' dir='ltr'>necesse</span> <span class='ocrx_word' id='word_1_69' title='bbox 446 1763 561 1835; x_wconf 79' lang='lat' dir='ltr'>fuerit.</span> <span class='ocrx_word' id='word_1_70' title='bbox 600 1765 639 1834; x_wconf 91' lang='lat' dir='ltr'>ln</span> <span class='ocrx_word' id='word_1_71' title='bbox 668 1763 722 1836; x_wconf 88' lang='lat' dir='ltr'>his</span> <span class='ocrx_word' id='word_1_72' title='bbox 752 1765 858 1862; x_wconf 85' lang='lat' dir='ltr'>igitur</span> <span class='ocrx_word' id='word_1_73' title='bbox 885 1775 1081 1860; x_wconf 89' lang='lat' dir='ltr'>temporum</span> <span class='ocrx_word' id='word_1_74' title='bbox 1110 1763 1301 1862; x_wconf 82' lang='lat' dir='ltr'>augustiis,</span> 
     </span>
     <span class='ocr_line' id='line_1_14' title="bbox 280 1884 1304 1984; baseline -0.001 -26"><span class='ocrx_word' id='word_1_75' title='bbox 280 1885 519 1984; x_wconf 87' lang='lat' dir='ltr'>hujuscemodi</span> <span class='ocrx_word' id='word_1_76' title='bbox 537 1897 676 1984; x_wconf 86' lang='lat' dir='ltr'>poetam</span> <span class='ocrx_word' id='word_1_77' title='bbox 702 1887 886 1960; x_wconf 88' lang='lat' dir='ltr'>emendare</span> <span class='ocrx_word' id='word_1_78' title='bbox 905 1909 1012 1983; x_wconf 86' lang='lat' dir='ltr'>quam</span> <span class='ocrx_word' id='word_1_79' title='bbox 1038 1884 1186 1960; x_wconf 87' lang='lat' dir='ltr'>arduum</span> <span class='ocrx_word' id='word_1_80' title='bbox 1212 1907 1304 1982; x_wconf 88' lang='lat' dir='ltr'>opus</span> 
     </span>
     <span class='ocr_line' id='line_1_15' title="bbox 280 2007 978 2082; baseline -0.003 0"><span class='ocrx_word' id='word_1_81' title='bbox 280 2007 491 2082; x_wconf 74' lang='lat' dir='ltr'>exstitisset!</span> <span class='ocrx_word' id='word_1_82' title='bbox 578 2021 582 2030; x_wconf 80' lang='grc'><em>’</em></span> <span class='ocrx_word' id='word_1_83' title='bbox 975 2011 978 2017; x_wconf 86' lang='grc'>’</span> 
     </span>
    </p>
   </div>
   <div class='ocr_carea' id='block_1_2' title="bbox 252 2129 1305 2364">
    <p class='ocr_par' dir='ltr' id='par_1_3' title="bbox 252 2129 1305 2364">
     <span class='ocr_line' id='line_1_16' title="bbox 328 2129 1305 2208; baseline -0.007 0"><span class='ocrx_word' id='word_1_84' title='bbox 328 2136 498 2208; x_wconf 75' lang='lat' dir='ltr'>Ceterum</span> <span class='ocrx_word' id='word_1_85' title='bbox 527 2131 656 2206; x_wconf 86' lang='lat' dir='ltr'>nuliius</span> <span class='ocrx_word' id='word_1_86' title='bbox 686 2139 849 2206; x_wconf 85' lang='lat' dir='ltr'>odrama</span> <span class='ocrx_word' id='word_1_87' title='bbox 878 2132 1036 2204; x_wconf 86' lang='lat' dir='ltr'>Lucretio</span> <span class='ocrx_word' id='word_1_88' title='bbox 1066 2129 1305 2204; x_wconf 76' lang='lat' dir='ltr'>desideratam</span> 
     </span>
     <span class='ocr_line' id='line_1_17' title="bbox 252 2253 1305 2364; baseline -0.001 -35"><span class='ocrx_word' id='word_1_89' title='bbox 252 2324 253 2328; x_wconf 73' lang='grc'>,</span> <span class='ocrx_word' id='word_1_90' title='bbox 278 2257 384 2364; x_wconf 82' lang='lat' dir='ltr'>fuisse</span> <span class='ocrx_word' id='word_1_91' title='bbox 402 2259 637 2355; x_wconf 85' lang='lat' dir='ltr'>suspicamur;</span> <span class='ocrx_word' id='word_1_92' title='bbox 660 2257 837 2330; x_wconf 88' lang='lat' dir='ltr'>nec&#39;illins</span> <span class='ocrx_word' id='word_1_93' title='bbox 855 2253 1305 2329; x_wconf 83' lang='lat' dir='ltr'>insaniamedicinamex-</span> 
     </span>
    </p>
   </div>
   <div class='ocr_carea' id='block_1_3' title="bbox 278 2371 1314 4077">
    <p class='ocr_par' dir='ltr' id='par_1_4' title="bbox 278 2371 1314 4077">
     <span class='ocr_line' id='line_1_18' title="bbox 278 2371 1308 2480; baseline -0.003 -25"><span class='ocrx_word' id='word_1_94' title='bbox 278 2382 478 2480; x_wconf 86' lang='lat' dir='ltr'>postulavit.</span> <span class='ocrx_word' id='word_1_95' title='bbox 516 2383 627 2466; x_wconf 87' lang='lat' dir='ltr'>Quem</span> <span class='ocrx_word' id='word_1_96' title='bbox 661 2381 754 2453; x_wconf 88' lang='lat' dir='ltr'>enim</span> <span class='ocrx_word' id='word_1_97' title='bbox 783 2379 953 2466; x_wconf 85' lang='lat' dir='ltr'>adduces,</span> <span class='ocrx_word' id='word_1_98' title='bbox 988 2381 1049 2477; x_wconf 92' lang='lat' dir='ltr'>qui</span> <span class='ocrx_word' id='word_1_99' title='bbox 1085 2371 1308 2475; x_wconf 84' lang='lat' dir='ltr'>credat&#39;per</span> 
     </span>
     <span class='ocr_line' id='line_1_19' title="bbox 280 2496 1306 2601; baseline 0.002 -27"><span class='ocrx_word' id='word_1_100' title='bbox 280 2505 439 2576; x_wconf 87' lang='lat' dir='ltr'>amatorii</span> <span class='ocrx_word' id='word_1_101' title='bbox 447 2504 572 2576; x_wconf 84' lang='lat' dir='ltr'>furoris</span> <span class='ocrx_word' id='word_1_102' title='bbox 581 2503 834 2576; x_wconf 74' lang='lat' dir='ltr'>intervallahos</span> <span class='ocrx_word' id='word_1_103' title='bbox 844 2503 950 2576; x_wconf 85' lang='lat' dir='ltr'>libros</span> <span class='ocrx_word' id='word_1_104' title='bbox 959 2496 1170 2601; x_wconf 77' lang='lat' dir='ltr'>conscriptos</span> <span class='ocrx_word' id='word_1_105' title='bbox 1178 2501 1306 2588; x_wconf 81' lang='lat' dir='ltr'>fuisse,</span> 
     </span>
     <span class='ocr_line' id='line_1_20' title="bbox 279 2617 1303 2724; baseline -0.003 -26"><span class='ocrx_word' id='word_1_106' title='bbox 279 2625 318 2698; x_wconf 91' lang='lat' dir='ltr'>in</span> <span class='ocrx_word' id='word_1_107' title='bbox 331 2624 457 2722; x_wconf 86' lang='lat' dir='ltr'>quibus</span> <span class='ocrx_word' id='word_1_108' title='bbox 470 2636 543 2698; x_wconf 90' lang='lat' dir='ltr'>tam</span> <span class='ocrx_word' id='word_1_109' title='bbox 553 2625 688 2700; x_wconf 89' lang='lat' dir='ltr'>lucidus</span> <span class='ocrx_word' id='word_1_110' title='bbox 700 2625 784 2700; x_wconf 85' lang='lat' dir='ltr'>ordo</span> <span class='ocrx_word' id='word_1_111' title='bbox 796 2683 805 2712; x_wconf 90' lang='lat'><strong><em>‚</em></strong></span> <span class='ocrx_word' id='word_1_112' title='bbox 818 2637 917 2700; x_wconf 86' lang='lat' dir='ltr'>tenta</span> <span class='ocrx_word' id='word_1_113' title='bbox 932 2627 984 2698; x_wconf 89' lang='lat' dir='ltr'>vis</span> <span class='ocrx_word' id='word_1_114' title='bbox 993 2617 1303 2724; x_wconf 71' lang='lat' dir='ltr'>argumentemur,</span> 
     </span>
     <span class='ocr_line' id='line_1_21' title="bbox 280 2746 1307 2848; baseline -0.005 -25"><span class='ocrx_word' id='word_1_115' title='bbox 280 2749 345 2823; x_wconf 89' lang='lat' dir='ltr'>hoo</span> <span class='ocrx_word' id='word_1_116' title='bbox 362 2750 506 2822; x_wconf 85' lang='lat' dir='ltr'>rationis</span> <span class='ocrx_word' id='word_1_117' title='bbox 523 2749 680 2847; x_wconf 88' lang='lat' dir='ltr'>pondus,</span> <span class='ocrx_word' id='word_1_118' title='bbox 699 2749 771 2824; x_wconf 81' lang='lat' dir='ltr'>haeo</span> <span class='ocrx_word' id='word_1_119' title='bbox 788 2749 1036 2848; x_wconf 86' lang='lat' dir='ltr'>cogitationum</span> <span class='ocrx_word' id='word_1_120' title='bbox 1049 2747 1200 2846; x_wconf 83' lang='lat' dir='ltr'>gravitas</span> <span class='ocrx_word' id='word_1_121' title='bbox 1218 2746 1307 2819; x_wconf 92' lang='lat' dir='ltr'>emi-</span> 
     </span>
     <span class='ocr_line' id='line_1_22' title="bbox 280 2869 1309 2968; baseline -0.001 -25"><span class='ocrx_word' id='word_1_122' title='bbox 280 2869 408 2944; x_wconf 85' lang='lat' dir='ltr'>neant?</span> <span class='ocrx_word' id='word_1_123' title='bbox 432 2874 556 2950; x_wconf 78' lang='lat' dir='ltr'>Moesta</span> <span class='ocrx_word' id='word_1_124' title='bbox 575 2871 717 2968; x_wconf 89' lang='lat' dir='ltr'>quidem</span> <span class='ocrx_word' id='word_1_125' title='bbox 738 2874 1018 2947; x_wconf 84' lang='lat' dir='ltr'>intermiscentur</span> <span class='ocrx_word' id='word_1_126' title='bbox 1037 2871 1166 2967; x_wconf 89' lang='lat' dir='ltr'>ubique</span> <span class='ocrx_word' id='word_1_127' title='bbox 1183 2893 1309 2942; x_wconf 90' lang='lat' dir='ltr'>rerum</span> 
     </span>
     <span class='ocr_line' id='line_1_23' title="bbox 279 2993 1308 3093; baseline 0.001 -27"><span class='ocrx_word' id='word_1_128' title='bbox 279 2995 513 3066; x_wconf 87' lang='lat' dir='ltr'>humanarum</span> <span class='ocrx_word' id='word_1_129' title='bbox 537 2995 697 3081; x_wconf 83' lang='lat' dir='ltr'>fastidia,</span> <span class='ocrx_word' id='word_1_130' title='bbox 726 3019 845 3068; x_wconf 91' lang='lat' dir='ltr'>amara</span> <span class='ocrx_word' id='word_1_131' title='bbox 871 2997 983 3093; x_wconf 90' lang='lat' dir='ltr'>pietas</span> <span class='ocrx_word' id='word_1_132' title='bbox 1010 3006 1045 3068; x_wconf 90' lang='lat' dir='ltr'>et</span> <span class='ocrx_word' id='word_1_133' title='bbox 1070 2993 1308 3067; x_wconf 82' lang='lat' dir='ltr'>lamentabilis</span> 
     </span>
     <span class='ocr_line' id='line_1_24' title="bbox 282 3117 1310 3218; baseline 0.002 -30"><span class='ocrx_word' id='word_1_134' title='bbox 282 3117 555 3191; x_wconf 80' lang='lat' dir='ltr'>commiseratio:</span> <span class='ocrx_word' id='word_1_135' title='bbox 569 3142 645 3214; x_wconf 85' lang='lat' dir='ltr'>ques</span> <span class='ocrx_word' id='word_1_136' title='bbox 656 3121 835 3192; x_wconf 84' lang='lat' dir='ltr'>caveas&#39;ne</span> <span class='ocrx_word' id='word_1_137' title='bbox 850 3121 1057 3218; x_wconf 87' lang='lat' dir='ltr'>sapientiam</span> <span class='ocrx_word' id='word_1_138' title='bbox 1069 3121 1310 3218; x_wconf 89' lang='lat' dir='ltr'>potiusquam</span> 
     </span>
     <span class='ocr_line' id='line_1_25' title="bbox 280 3233 1309 3338; baseline 0 -24"><span class='ocrx_word' id='word_1_139' title='bbox 280 3241 454 3319; x_wconf 86' lang='lat' dir='ltr'>insaniam</span> <span class='ocrx_word' id='word_1_140' title='bbox 478 3239 661 3338; x_wconf 85' lang='lat' dir='ltr'>diligenter</span> <span class='ocrx_word' id='word_1_141' title='bbox 686 3239 876 3314; x_wconf 90' lang='lat' dir='ltr'>attendenti</span> <span class='ocrx_word' id='word_1_142' title='bbox 902 3242 1090 3316; x_wconf 81' lang='lat' dir='ltr'>declarent.</span> <span class='ocrx_word' id='word_1_143' title='bbox 1118 3242 1165 3315; x_wconf 88' lang='lat' dir='ltr'>At</span> <span class='ocrx_word' id='word_1_144' title='bbox 1190 3233 1309 3338; x_wconf 87' lang='lat' dir='ltr'>operis</span> 
     </span>
     <span class='ocr_line' id='line_1_26' title="bbox 281 3355 1311 3461; baseline 0 -25"><span class='ocrx_word' id='word_1_145' title='bbox 281 3364 427 3436; x_wconf 87' lang='lat' dir='ltr'>forsitan</span> <span class='ocrx_word' id='word_1_146' title='bbox 444 3373 688 3460; x_wconf 82' lang='lat' dir='ltr'>argumentum</span> <span class='ocrx_word' id='word_1_147' title='bbox 705 3365 946 3460; x_wconf 88' lang='lat' dir='ltr'>respicientes,</span> <span class='ocrx_word' id='word_1_148' title='bbox 967 3365 1070 3438; x_wconf 83' lang='lat' dir='ltr'>variae</span> <span class='ocrx_word' id='word_1_149' title='bbox 1085 3355 1311 3461; x_wconf 83' lang='lat' dir='ltr'>philosopho-</span> 
     </span>
     <span class='ocr_line' id='line_1_27' title="bbox 283 3484 1312 3582; baseline 0 -26"><span class='ocrx_word' id='word_1_150' title='bbox 283 3508 362 3556; x_wconf 89' lang='lat' dir='ltr'>rum</span> <span class='ocrx_word' id='word_1_151' title='bbox 382 3495 497 3569; x_wconf 85' lang='lat' dir='ltr'>sectes,</span> <span class='ocrx_word' id='word_1_152' title='bbox 519 3493 553 3558; x_wconf 92' lang='lat' dir='ltr'>et</span> <span class='ocrx_word' id='word_1_153' title='bbox 574 3485 782 3582; x_wconf 88' lang='lat' dir='ltr'>posteriores</span> <span class='ocrx_word' id='word_1_154' title='bbox 812 3487 910 3557; x_wconf 86' lang='lat' dir='ltr'>stoici</span> <span class='ocrx_word' id='word_1_155' title='bbox 935 3487 1149 3582; x_wconf 87' lang='lat' dir='ltr'>praesertim,</span> <span class='ocrx_word' id='word_1_156' title='bbox 1172 3484 1312 3556; x_wconf 81' lang='lat' dir='ltr'>auctori</span> 
     </span>
     <span class='ocr_line' id='line_1_28' title="bbox 281 3601 1313 3706; baseline 0 -26"><span class='ocrx_word' id='word_1_157' title='bbox 281 3607 495 3681; x_wconf 87' lang='lat' dir='ltr'>dementiam</span> <span class='ocrx_word' id='word_1_158' title='bbox 512 3609 816 3706; x_wconf 85' lang='lat' dir='ltr'>exprobraverunt.</span> <span class='ocrx_word' id='word_1_159' title='bbox 837 3608 937 3694; x_wconf 87' lang='lat' dir='ltr'>Quod</span> <span class='ocrx_word' id='word_1_160' title='bbox 956 3612 1086 3684; x_wconf 89' lang='lat' dir='ltr'>crimen</span> <span class='ocrx_word' id='word_1_161' title='bbox 1105 3635 1126 3682; x_wconf 90' lang='lat' dir='ltr'>a</span> <span class='ocrx_word' id='word_1_162' title='bbox 1141 3601 1313 3682; x_wconf 85' lang='lat' dir='ltr'>Christia-</span> 
     </span>
     <span class='ocr_line' id='line_1_29' title="bbox 284 3733 1314 3833; baseline 0.002 -27"><span class='ocrx_word' id='word_1_163' title='bbox 284 3733 357 3819; x_wconf 91' lang='lat' dir='ltr'>nis,</span> <span class='ocrx_word' id='word_1_164' title='bbox 375 3735 603 3832; x_wconf 86' lang='lat' dir='ltr'>utconjioios,</span> <span class='ocrx_word' id='word_1_165' title='bbox 616 3735 779 3808; x_wconf 88' lang='lat' dir='ltr'>libentius</span> <span class='ocrx_word' id='word_1_166' title='bbox 795 3737 899 3808; x_wconf 89' lang='lat' dir='ltr'>etiam</span> <span class='ocrx_word' id='word_1_167' title='bbox 910 3747 1110 3833; x_wconf 88' lang='lat' dir='ltr'>acceptum,</span> <span class='ocrx_word' id='word_1_168' title='bbox 1124 3733 1168 3807; x_wconf 90' lang='lat' dir='ltr'>ad</span> <span class='ocrx_word' id='word_1_169' title='bbox 1186 3735 1314 3808; x_wconf 88' lang='lat' dir='ltr'>Hiero-</span> 
     </span>
     <span class='ocr_line' id='line_1_30' title="bbox 285 3855 1312 3956; baseline 0.002 -28"><span class='ocrx_word' id='word_1_170' title='bbox 285 3856 382 3954; x_wconf 86' lang='lat' dir='ltr'>nymi</span> <span class='ocrx_word' id='word_1_171' title='bbox 394 3867 531 3954; x_wconf 87' lang='lat' dir='ltr'>tempus</span> <span class='ocrx_word' id='word_1_172' title='bbox 542 3881 652 3954; x_wconf 91' lang='lat' dir='ltr'>usque</span> <span class='ocrx_word' id='word_1_173' title='bbox 665 3859 874 3955; x_wconf 89' lang='lat' dir='ltr'>permansit,</span> <span class='ocrx_word' id='word_1_174' title='bbox 891 3868 926 3929; x_wconf 92' lang='lat' dir='ltr'>et</span> <span class='ocrx_word' id='word_1_175' title='bbox 941 3858 1034 3955; x_wconf 85' lang='lat' dir='ltr'>apud</span> <span class='ocrx_word' id='word_1_176' title='bbox 1052 3869 1209 3956; x_wconf 86' lang='lat' dir='ltr'>posteros</span> <span class='ocrx_word' id='word_1_177' title='bbox 1222 3855 1312 3930; x_wconf 89' lang='lat' dir='ltr'>inde</span> 
     </span>
     <span class='ocr_line' id='line_1_31' title="bbox 286 3978 1003 4077; baseline 0 -25"><span class='ocrx_word' id='word_1_178' title='bbox 286 3979 409 4077; x_wconf 81' lang='lat' dir='ltr'>majori</span> <span class='ocrx_word' id='word_1_179' title='bbox 428 4002 567 4051; x_wconf 85' lang='lat' dir='ltr'>rumore</span> <span class='ocrx_word' id='word_1_180' title='bbox 579 4003 685 4075; x_wconf 89' lang='lat' dir='ltr'>quam</span> <span class='ocrx_word' id='word_1_181' title='bbox 701 3978 771 4052; x_wconf 88' lang='lat' dir='ltr'>fide</span> <span class='ocrx_word' id='word_1_182' title='bbox 792 3980 1003 4075; x_wconf 64' lang='lat' dir='ltr'>percrebuit,</span> 
     </span>
    </p>
   </div>
   <div class='ocr_carea' id='block_1_4' title="bbox 30 4222 838 4704">
    <p class='ocr_par' dir='ltr' id='par_1_5' title="bbox 30 4222 838 4704">
     <span class='ocr_line' id='line_1_32' title="bbox 30 4222 838 4704; baseline 0 0"><span class='ocrx_word' id='word_1_183' title='bbox 30 4222 838 4704; x_wconf 57' lang='lat' dir='ltr'>Mle,</span> 
     </span>
    </p>
   </div>
   <div class='ocr_carea' id='block_1_5' title="bbox 0 0 1490 4776">
    <p class='ocr_par' dir='ltr' id='par_1_6' title="bbox 0 0 1490 4776">
     <span class='ocr_line' id='line_1_33' title="bbox 0 0 1490 4776; baseline 0 0"><span class='ocrx_word' id='word_1_184' title='bbox 0 0 1490 4776; x_wconf 95' lang='lat' dir='ltr'> </span> 
     </span>
    </p>
   </div>
  </div>
 </body>
</html>
