2954 4776
701 373 736 384 ..
761 340 820 400 100
843 371 880 384 ..

281 471 440 567 ignarum
458 466 651 540 auditorem
669 489 757 538 esse.
779 465 881 538 Illum
896 465 1166 562 interrogantem
1185 464 1295 538 indu-

279 617 356 681 cere
373 593 489 666 Cicero
507 590 628 675 dehet,
648 600 687 662 ut
698 589 796 662 illum
812 589 954 674 doceat,
976 588 1108 662 uadum
1122 588 1173 660 illi
1189 613 1295 660 men-

279 717 397 788 tiatur.
434 719 486 788 lta
516 739 597 786 vero
625 713 836 810 respondet,
873 724 913 786 ut
949 714 1143 786 necessario
1175 711 1295 786 credat

281 840 438 925 auditor,
459 862 567 936 quum
590 839 675 911 Attii
692 863 820 912 nornen
840 837 1013 924 sileatur‚·
1025 838 1197 911 Ciceronis
1209 837 1296 910 irni-

231 983 233 987 ‘
280 965 446 1036 tationem
464 987 561 1048 esse,
582 963 662 1059 qui,
682 962 791 1034 sicubi
811 962 924 1034 caeteri
942 973 1051 1059 poeta
1072 961 1293 1046 defecerunt,

281 1113 324 1171 se¹
336 1088 379 1162 de
399 1089 524 1160 Graecis
543 1087 653 1160 multa
666 1087 812 1160 vertisse
826 1086 1040 1182 profiteatur.

327 1215 403 1286 Non
420 1214 674 1286 committemus
696 1223 813 1284 tamen
829 1223 869 1285 ut
888 1214 1103 1310 suspicemur
1122 1237 1163 1284 ea
1179 1223 1297 1286 mente

280 1359 357 1422 rem
370 1337 406 1408 in
418 1336 563 1409 dubium
576 1336 762 1410 adductam
777 1336 900 1422 fuisse,
918 1348 957 1409 ut
969 1339 1085 1410 Cicero
1099 1339 1192 1434 turpi
1204 1337 1297 1410 furto

283 1485 359 1556 qua
368 1460 479 1533 forent
487 1459 849 1533 Attiisibivindicaret.
858 1459 957 1544 Quod
966 1459 1093 1556 alioqui
1101 1460 1299 1557 nullopror·

283 1583 455 1670 susmodo
465 1585 541 1656 [ieri
550 1584 731 1680 potuisset.
745 1584 891 1657 Auditor
901 1585 993 1656 enim
1003 1585 1060 1656 ille
1069 1587 1185 1657 Rome
1192 1586 1298 1658 totius

281 1711 374 1782 vices
394 1711 486 1806 agit,
507 1732 613 1805 quam
633 1708 753 1782 edocet
774 1710 912 1793 Cicero,
932 1720 967 1780 et
989 1709 1026 1780 in
1045 1733 1114 1804 qua
1128 1711 1299 1782 Varrones

279 1820 505 1908 eruditissimi
527 1806 721 1906 versantur.
744 1835 920 1918 Quantum
944 1835 1048 1931 igitur
1073 1833 1165 1906 illius
1181 1834 1300 1930 pudo-

281 1983 356 2031 rem
368 1956 524 2043 decebat,
539 1955 604 2029 sibi
617 1968 735 2028 tamen
747 1957 876 2052 optime
889 1956 1108 2029 transferenti
1126 1957 1297 2041 conscius,

282 2107 320 2155 se
339 2093 516 2155 auctorem
538 2083 654 2155 Cicero
672 2082 848 2178 professus
866 2092 931 2154 est.
948 2083 1100 2177 Carpens
1112 2082 1205 2152 enim
1221 2082 1301 2153 Dio-

149 2269 151 2273 ⁴
282 2209 373 2306 nysii
399 2208 498 2280 stoici
518 2207 619 2302 quasi
642 2206 788 2290 dictata,
813 2204 908 2278 nullo
930 2204 1084 2290 delectu,
1106 2205 1203 2278 nulla
1225 2206 1302 2278 ele-

283 2334 424 2430 gantia,
445 2332 511 2404 sibi
530 2333 653 2404 merito
669 2329 834 2426 plaudere
853 2329 1002 2402 videtur.
1070 2395 1079 2414 ,

333 2461 453 2552 Itaque
475 2456 629 2528 Ciceroni
654 2454 765 2550 magis
796 2476 902 2548 quam
925 2454 1035 2526 Nonio
1061 2452 1104 2525 de
1130 2455 1305 2524 Promethei

285 2582 359 2655 loco
373 2581 482 2653 fidere
498 2581 589 2652 lioet.
608 2579 732 2651 Adhuc
755 2602 836 2652 vero
855 2577 898 2650 de
915 2578 1076 2676 AEschylo
1094 2589 1231 2651 tanturn
1247 2602 1303 2650 res

287 2707 413 2805 agitur.
432 2705 525 2777 Nihil
542 2701 586 2778 ad
602 2703 780 2801 Sophoclis
796 2704 1029 2804 fragmentum
1045 2705 1081 2778 in
1097 2705 1162 2776 hac
1179 2703 1305 2800 dispu-

287 2832 416 2904 tatione
432 2832 592 2927 pertinet.
624 2829 713 2904 Illud
730 2837 826 2929 jam,
845 2841 880 2902 et
898 2830 1014 2902 minus
1037 2827 1130 2901 aliud
1152 2827 1305 2924 primum

290 2957 524 3061 aggredimur*
829 2954 830 2960 '

340 3083 439 3152 Hunc
466 3103 606 3151 versum
639 3081 729 3152 inter
760 3077 915 3150 Herculis
947 3076 1077 3148 Attiani
1112 3075 1306 3174 fragmenta

291 3205 400 3278 Bothe
418 3202 564 3277 laudans
585 3202 613 3273 ι’

366 3411 369 3414 ’
496 3405 588 3467 Recta
598 3401 734 3485 perfectis
747 3403 836 3464 sacris
849 3400 912 3463 volt
926 3399 1080 3484 occipiti),

295 3593 439 3692 adjicit:
465 3590 600 3663 «Soalt
623 3587 776 3661 fabulam
799 3590 907 3660 Varro
935 3609 1005 3658 non
1030 3585 1213 3670 indicavit;
1246 3583 1308 3658 sed

294 3717 372 3790 Scal
390 3742 400 3789 z
418 3718 470 3788 Ex
485 3715 584 3799 Attii,
603 3715 729 3809 inquit,
749 3713 919 3783 Trachiniis
935 3709 1072 3783 videtur
1088 3719 1303 3806 acceptum.»

343 3843 458 3914 Potest
475 3839 598 3923 etiarn,
623 3835 716 3933 quod
733 3859 835 3908 nemo
852 3835 988 3909 videtur
1012 3834 1126 3908 adhuc
1145 3831 1309 3906 animad-

333 4101 369 4170 (t)
388 4097 599 4167 ruminator,
612 4111 639 4168 p.
653 4097 716 4156 art.
822 4156 827 4168 ⁸
