2954 4776
300 479 472 575 pertinere
487 475 635 550 videtur.
655 475 757 550 Aliud
772 488 889 549 autem
906 476 1138 574 fragmentum
1148 476 1185 547 in
1197 477 1313 563 tertio,

301 605 361 689 31,
386 605 632 674 Tusculanorum
663 624 865 686 occurrens,
901 603 1102 672 constrictum
1126 599 1175 672 ita
1197 605 1317 674 mani-

298 727 386 800 festo
414 727 600 812 convertit,
635 726 803 813 millius,
831 725 944 799 verbis
975 723 1140 812 totidem,
1167 737 1316 823 quatuor

297 876 418 926 versus
435 852 616 949 exprimat.

346 976 432 1046 Sunt
450 975 554 1072 igitur
571 973 720 1046 duorum
738 975 988 1046 Promethaorum
1002 971 1096 1070 apud
1113 975 1315 1048 Ciceronem

297 1098 454 1196 vestigia.
475 1097 651 1172 Ambosne
667 1099 835 1170 convertit
856 1098 994 1183 Attius,
1014 1109 1074 1170 aut
1091 1099 1240 1173 alterum
1257 1100 1315 1173 al-

297 1229 371 1292 tero
386 1219 573 1316 supplevit,
593 1230 627 1292 et
637 1243 733 1291 more
748 1220 951 1291 Terentiano
965 1214 1128 1292 miscuit?
1145 1220 1192 1292 At
1203 1244 1315 1292 unum

297 1341 383 1413 Attii
399 1344 614 1414 Prometheum
628 1340 844 1440 grammatici
863 1340 1023 1427 laudant;
1042 1342 1119 1413 etsi
1134 1341 1313 1438 Sophoclis

297 1467 413 1540 locum
430 1467 698 1539 consideraveris
710 1477 744 1537 et
758 1465 838 1538 inde
849 1467 1047 1564 conjeceris,
1063 1489 1199 1538 merum
1210 1467 1316 1538 inter·

299 1602 448 1690 pretem,
467 1614 551 1676 non,
572 1592 677 1662 ut'ita
694 1590 820 1675 dicam,
839 1591 1014 1662 variarum
1030 1614 1148 1662 rerum
1169 1590 1310 1664 ordina-

298 1727 411 1788 torem
446 1714 696 1811 deprehendes.
733 1717 825 1812 Ergo
860 1739 931 1786 non
960 1714 1097 1786 diversa
1122 1693 1316 1813 composuit

298 1841 432 1925 Attius,
460 1850 495 1911 et
510 1840 659 1913 duorum
692 1839 844 1938 AEsohyli
873 1839 1145 1938 fragmentorum
1163 1841 1315 1912 Ciceroni

293 1973 369 2064 jam
394 1990 502 2038 unum
521 1966 675 2064 contigit.
693 1967 795 2038 Vetat
822 1976 937 2038 autem
957 1966 1089 2037 Nonius
1106 1964 1240 2037 Attium
1259 1966 1317 2037 al·-

299 2092 405 2164 terius
415 2115 552 2188 qnoque
564 2092 781 2188 possessione
794 2091 907 2188 dejici.
921 2089 1012 2174 Quid
1029 2090 1121 2162 enim
1137 2089 1316 2163 hisverbis

298 2217 576 2316 significantius:
608 2217 777 2302 «Attius,
801 2218 999 2287 Prometheo:

747 2428 826 2490 Tum
848 2428 976 2489 sublime
996 2427 1118 2489 avolans

420 2536 548 2598 Hortata
563 2536 660 2598 cauda
674 2539 811 2599 nostrum
826 2538 930 2600 adulat
943 2539 1120 2612 sanguinem
1137 2535 1201 2620 (f)‘f
1217 2561 1229 2595 ι

349 2749 596 2820 Tusculanorum
627 2748 733 2847 igitur
755 2750 1005 2847 fragmentum,
1029 2749 1066 2820 in
1097 2770 1165 2843 quo
1192 2744 1316 2817 saltem

297 2871 371 2945 haec
396 2873 642 2960 obversantur,
663 2875 757 2949 Attio
771 2883 850 2973 jure
873 2872 1133 2971 concedendum
1150 2880 1214 2942 est.
1236 2869 1316 2940 For-

298 3005 403 3068 tasse.
425 2997 536 3068 Causa
552 3007 670 3068 tamen
683 2998 850 3070 nonnulla
867 2999 1004 3081 subest,
1027 3019 1088 3067 our
1104 2993 1202 3067 litem
1225 2993 1316 3068 diri-

298 3141 394 3190 mere
411 3141 483 3190 non
498 3141 737 3214 properemus.
961 3121 966 3131 ’

346 3241 519 3341 Dijudicat
533 3242 686 3315 Nonius:
701 3243 792 3316 illius
805 3245 1012 3316 sententiam
1023 3244 1215 3316 Arusianus
1228 3245 1316 3316 Mes·

298 3392 359 3443 sus
383 3367 518 3440 irritam
538 3365 633 3438 facit.
659 3369 736 3463 lpse
764 3367 829 3440 sub
859 3367 980 3440 eodem
1002 3367 1132 3454 verbo,
1160 3371 1313 3440 mutari:

304 3516 320 3556 ‹
347 3488 500 3562 Adufant
515 3489 635 3575 illum,
655 3490 772 3565 Cicero
789 3492 827 3562 in
844 3493 1019 3578 Pisonem,
1040 3491 1085 3562 df
1100 3516 1109 3577 ;
1124 3490 1219 3564 idem
1237 3494 1314 3564 Toc-

291 3615 358 3684 cut.
374 3613 498 3696 2,10:
517 3621 676 3686 nostrum
689 3609 808 3685 adulat
825 3614 1029 3713 sanguinem
1050 3615 1115 3714 (2).
1138 3642 1155 3682 ι
1247 3705 1251 3712 Ι

309 3777 313 3784 -
345 3737 460 3820 Quum
472 3737 577 3834 igitur
587 3736 638 3808 illi
648 3734 717 3810 duo
730 3735 775 3810 de
783 3739 880 3812 verbi
891 3740 1046 3836 ejusdem
1061 3739 1312 3840 significatione

332 4010 368 4080 (ι)
382 4008 495 4079 Nouius,
508 4008 558 4066 sub
570 4009 668 4069 uerbo:
681 4010 816 4068 mulatio.

334 4107 361 4178 (2
386 4105 553 4164 Lindemann.
567 4109 712 4168 Amsianus
723 4109 838 4181 fiossm,
851 4109 901 4166 sub
912 4109 985 4167 verb.
996 4108 1116 4165 mutari.

309 4458 512 4744 ss
636 4454 1041 4744 m
