2966 4776
607 320 768 378 49...

179 453 386 550 participes,
415 461 449 522 et
473 473 572 522 suam
604 451 762 550 gerenda
796 450 989 547 reipublice
1024 453 1194 524 rationem

180 577 338 673 politicus
355 588 471 650 orator
483 577 656 674 jactitaret
672 633 682 661 ,
701 589 734 648 et
752 600 832 648 suas
849 600 1019 648 erumnas
1048 577 1193 650 fortasse

179 701 324 799 lugeret.
340 701 564 800 Excogitandi
577 725 714 797 quoquc
726 703 797 787 vis,
813 703 850 772 in
867 700 927 773 tali
939 725 977 772 re
989 703 1192 799 praesertim,

180 850 242 899 seu
272 837 380 923 poeta
413 827 574 923 superbia
602 851 776 922 praeceps,
807 850 868 900 seu
896 827 1028 924 pudore
1045 824 1196 922 quodam

181 953 356 1049 scriptoris
369 952 561 1038 refrenata,
578 953 741 1048 utrinque
760 951 984 1048 periclitatur.
1006 950 1198 1024 Altitudine

181 1076 384 1162 ridiculum,
411 1076 601 1175 abjectione
623 1074 801 1149 fastidium
831 1077 996 1161 offendit;
1020 1100 1083 1148 noc
1112 1076 1197 1148 satis

180 1214 366 1299 utrumque
375 1203 491 1276 Cicero
504 1203 604 1274 cauit.
617 1201 731 1273 Rebus
744 1201 929 1298 aliquando
942 1203 1057 1298 poesis
1067 1203 1196 1274 fastum

182 1336 378 1426 exaggerat,
393 1327 507 1400 uerbis
527 1350 778 1422 nonnunquam
796 1328 986 1399 orationem
1004 1326 1094 1398 infra
1108 1326 1197 1398 solu·

182 1462 256 1522 tam
271 1452 405 1526 residit.
427 1455 514 1525 Sunt
530 1455 623 1525 enim
640 1455 700 1549 qui
711 1455 861 1549 poemati
876 1456 923 1524 Dc
937 1457 1120 1546 temporibus
1136 1457 1199 1524 suis

182 1577 381 1650 adscribant
392 1577 540 1651 :Cedant
554 1603 664 1665 arma,
684 1591 750 1650 eto.
769 1581 856 1652 -0
873 1580 1097 1664 fortunatam,
1112 1592 1195 1662 etc„

184 1713 219 1772 et
245 1705 363 1778 lovem
388 1703 486 1776 lilum
510 1728 531 1774 a
557 1728 626 1800 quo
657 1706 694 1774 in
718 1704 900 1776 concilium
926 1703 1071 1776 deorum
1098 1703 1201 1777 adro-

183 1837 293 1914 cetur,
312 1838 347 1900 et
369 1829 559 1900 Minervam
576 1853 652 1924 qua
671 1838 861 1901 artes-eum
886 1829 1026 1902 edoceat
1052 1829 1116 1927 (t).
1139 1831 1200 1902 Cui

183 1954 359 2026 sententiae
377 1954 559 2050 suffragari
577 1977 646 2025 non
663 1954 844 2026 audemus.
864 1957 1004 2026 Poetam
1020 1956 1113 2026 enim
1129 1978 1201 2026 ma·

179 2084 255 2175 jore
272 2080 464 2150 reverentia
480 2078 638 2165 colimne,
659 2091 693 2150 et
709 2079 856 2151 alterum
869 2104 1050 2176 superesse
1066 2080 1202 2152 videtur

184 2213 449 2300 argumentum,
466 2226 507 2274 ex
518 2227 587 2298 quo
598 2203 769 2274 Ciceronis
781 2203 817 2274 in
834 2205 981 2299 propriis
991 2204 1201 2277 carminibus

184 2327 365 2401 consilium
383 2339 416 2400 et
433 2327 605 2400 scribendi
621 2328 746 2401 modus
763 2328 1011 2426 intelligantur.

232 2452 410 2528 Desiderio
429 2465 545 2526 tamen
566 2465 600 2526 et
617 2453 749 2549 pudore
769 2454 872 2525 simul
892 2454 1073 2538 afficimur,
1095 2479 1202 2550 quum

110 2585 112 2592 “
185 2575 228 2648 de
238 2580 371 2672 poetico
383 2580 553 2650 Ciceronis
567 2579 705 2676 ingenio
720 2580 939 2679 summatim,
953 2577 1084 2650 indicta
1095 2599 1202 2674 prope

187 2723 310 2787 causa,
331 2705 537 2774 sententiam
555 2705 644 2774 lerre
662 2728 900 2799 properamus.
920 2707 1014 2775 Tunc
1031 2705 1144 2787 enim,
1164 2716 1205 2775 ut

188 2824 287 2897 nobis
296 2825 436 2922 quidem
445 2826 594 2912 videtur,
606 2825 698 2922 apud
709 2829 905 2899 Ciceronem
916 2841 1024 2923 poeta
1033 2840 1200 2913 mentem,

182 2950 352 3049 judicium
383 2962 417 3022 et
450 2951 591 3022 eximias
616 2951 763 3024 fortasse
778 2952 936 3024 ·virtutes
969 2954 1136 3049 inspicere
1169 2966 1204 3025 et

186 3077 317 3172 aequius
346 3076 515 3150 aestimare
541 3074 673 3148 licitum
688 3076 834 3163 fuisset,
855 3078 884 3148 si
908 3076 962 3148 vel
979 3079 1127 3159 Μανίας,
1146 3078 1201 3150 vel

187 3203 302 3297 ipsum
316 3202 359 3275 de
373 3203 514 3275 Caesaris
531 3201 745 3298 expeditione
762 3225 901 3274 carmen
917 3203 1090 3300 integrum
1103 3202 1203 3275 nobis

187 3324 377 3423 obtigisset.
389 3328 504 3412 Quum
522 3328 614 3399 euim
630 3329 666 3420 in
682 3330 788 3400 Morio
808 3336 882 3427 jam
907 3330 1020 3424 operis
1034 3329 1108 3424 ipse
1119 3350 1201 3424 pars

187 3452 357 3547 praecipua
366 3477 436 3525 non
445 3463 615 3537 versetur,
627 3452 782 3548 politicas
792 3454 883 3525 vices
895 3463 929 3523 et
940 3454 993 3523 sui
999 3452 1202 3550 jactantium

133 3631 138 3644 .
188 3569 403 3661 aliquantum
421 3574 624 3658 remittens,
647 3572 787 3646 liberius
811 3574 994 3670 exspatiari
1011 3575 1145 3670 potuit,
1168 3585 1203 3646 et

189 3687 234 3760 ad
257 3691 444 3782 Homerum
473 3697 646 3792 suspicere
677 3707 711 3766 et
741 3695 876 3791 eloquio
905 3695 1062 3768 nobiliori
1092 3719 1201 3793 gran-

190 3812 342 3888 descere.
364 3816 430 3889 Sed
453 3845 469 3885 ι
490 3822 534 3889 ad
554 3825 721 3890 Cesaram
739 3845 820 3914 epos
840 3843 963 3905 suave,
990 3849 1006 3889 t
1033 3834 1072 3893 ut
1093 3823 1203 3918 ipsius

228 4083 263 4154 (a)
284 4067 383 4143 Nobba.
398 4089 531 4146 ciceronis
544 4103 634 4161 opera.
649 4091 708 4148 Vol.
723 4043 772 4163 lo,
787 4107 814 4164 p.
830 4095 890 4151 trs.

1028 4193 1048 4250 4
