2966 4776
696 357 859 415 ...³¹10-

349 493 395 554 Sic
408 493 527 557 molunt
539 508 640 554 errare
654 507 739 564 vagae
751 508 804 569 per
814 489 918 552 nubila
931 469 1014 563 coeli,

350 603 451 680 Atque
461 617 531 664 suos
544 599 628 662 vario
641 602 727 660 mo‘iu
737 601 871 662 metirier
885 599 983 662 orbes.

348 707 424 770 Haec
436 707 553 770 iaciunt
565 725 691 782 magnos
703 708 859 786 longinqui
877 707 1021 787 temporis
1036 723 1147 779 annos,

350 802 461 892 Quum*
468 819 596 880 redeunt
606 818 643 880 ad
657 818 737 879 idem
750 818 818 878 coeli
833 818 889 879 sub
903 819 1037 891 tegmine
1055 795 1175 889 signum
1189 835 1198 875 :

349 927 451 1003 Quare
465 947 520 1002 ego
529 947 610 990 nunc
621 947 738 1006 nequeo
748 933 827 990 totos
842 927 881 1011 (1)
897 928 1034 988 evolvere
1048 944 1164 987 cursus.

347 1033 464 1098 Verum
476 1037 556 1111 haec,
580 1057 649 1116 quae
663 1055 781 1118 semper
795 1040 878 1098 certo
889 1036 1054 1098 volvuntur
1067 1038 1098 1097 in
1111 1035 1184 1096 orbe
1231 1087 1232 1094 ,

352 1142 426 1206 Fixa
441 1146 548 1220 simul,
564 1165 690 1222 magnos
702 1148 827 1209 edemus
838 1146 976 1222 gentibus
988 1145 1086 1206 orbes.
1148 1159 1152 1164 '

320 1379 399 1450 Haec
426 1401 509 1450 sone
536 1377 644 1450 nobili
661 1390 696 1450 et
721 1379 834 1452 adhuc
858 1380 994 1454 insueto
1009 1377 1196 1452 verborum
1219 1379 1294 1452 cir.-

271 1503 365 1574 cuiiu
378 1581 380 1584 ,
394 1501 566 1574 feruntur.
598 1503 668 1573 Nos
699 1504 810 1602 magis
843 1513 960 1575 tamen
990 1503 1147 1575 detinent
1170 1513 1204 1574 et
1225 1527 1289 1588 re-

271 1637 404 1712 creant,
423 1651 500 1723 quae
515 1628 594 1703 vivo
609 1626 723 1700 colore
741 1628 878 1726 singule
896 1628 1096 1702 describunt
1106 1621 1119 1715 ,’
1135 1639 1170 1700 ei
1186 1628 1292 1702 rebus

272 1751 367 1824 velut
383 1753 537 1822 animam
555 1752 725 1848 inspirare
739 1752 915 1826 videntur.
935 1755 1091 1838 Quorum
1107 1765 1178 1834 tres
1190 1753 1295 1831 liceat.

275 1875 380 1972 etiam
397 1874 492 1970 locos
514 1875 694 1974 proferre
709 1886 743 1947 et
764 1876 820 1948 his
843 1875 1010 1973 exemplis
1037 1877 1144 1948 [inem
1174 1878 1294 1974 imposs

274 2023 357 2073 nere
379 1999 427 2097 (2)
450 2025 460 2072 ι

354 2229 517 2291 Zodinoum
534 2231 617 2291 hunc
636 2228 731 2290 Graeci
745 2230 895 2302 vocitant,
911 2231 1064 2308 nostrique
1075 2229 1174 2294 Latini

354 2338 468 2400 Orbem
490 2337 667 2414 signiferum
684 2337 887 2416 perhibebunt
905 2339 1026 2398 nomine
1036 2357 1129 2400 vero:

344 2447 433 2508 ‘Nam
447 2449 524 2520 gerii
538 2447 587 2508 hic
601 2446 725 2509 volvens
737 2445 784 2506 bis
798 2464 850 2506 sex
862 2425 1003 2509 aroensis
1014 2448 1115 2521 signu?

355 2553 532 2616 AEstiferest
548 2555 681 2634 pendens
693 2553 842 2617 ferventia
856 2556 952 2617 sidera
962 2554 1089 2619 Cancer.
1201 2575 1204 2584 ’

354 2660 445 2723 Hunc
457 2663 562 2724 subter
572 2662 693 2738 fulgens
703 2664 782 2724 cedit
794 2665 839 2724 vis
852 2668 939 2726 torve
951 2664 1076 2740 Leonis,

301 2831 304 2838 ,
353 2770 454 2847 Quem
468 2773 560 2840 rutilo
573 2774 709 2852 sequitur
719 2773 869 2835 collucens
880 2792 1005 2854 corpore
1024 2774 1130 2850 Virgo.

354 2881 435 2946 Exin
448 2885 592 2963 projecire
604 2884 685 2945 claro
697 2903 768 2946 cum
780 2884 896 2944 lumine
905 2878 1026 2960 Cheiae;
1159 2963 1160 2968 ἵ

354 2991 483 3071 Ipsaque
494 2995 688 3070 consequitur
699 2994 804 3053 lucens
813 2995 857 3053 vis
868 3012 979 3067 magna
988 2993 1097 3072 Nepai.

355 3098 433 3160 Inde
447 3097 664 3179 Sagittipotens,
674 3101 780 3161 dextra
790 3101 905 3161 ilerum
916 3106 1000 3163 tenet
1015 3120 1144 3177 arcum3

355 3207 426 3269 Post
439 3208 522 3268 hunc
534 3227 586 3280 ore
596 3199 664 3270 iero
671 3207 870 3288 Capricornus
882 3210 994 3271 vadere
1006 3212 1132 3290 pergit-3

356 3314 510 3378 Humidus
521 3318 592 3379 inde
601 3318 660 3379 loci
669 3319 798 3380 collucet
807 3321 957 3398 Aquarius
966 3319 1051 3381 orbe.

360 3426 440 3488 Exin
454 3431 636 3506 squamigeri
652 3435 804 3514 serpentes
817 3431 922 3492 ludere
939 3431 1054 3504 Pisces,

356 3536 433 3611 Quis
445 3549 551 3602 comes
562 3545 608 3602 est
621 3539 724 3614 Aries,
739 3541 867 3604 obscuro
879 3541 995 3603 lumine
1009 3539 1131 3614 lahens÷

356 3645 532 3726 Inssexoque
557 3669 637 3724 genu
658 3651 791 3730 projecto
814 3669 939 3731 corpore
955 3649 1094 3723 Taurus,

356 3754 397 3817 Et
410 3755 526 3820 Gemini
540 3760 658 3822 clarum
669 3762 820 3840 jactantes
833 3761 952 3825 lucibus
963 3761 1079 3834 ignem.

312 4027 348 4096 (4)
368 4027 497 4098 Orellius,
513 4033 606 4084 tortos.

309 4121 344 4191 (2)
365 4123 467 4196 Nohbe
481 4129 544 4183 563.
557 4127 665 4197 Aratus,
679 4131 742 4185 544.
