2954 4776
730 323 915 384 ——lib-

313 458 485 532 Ciceronis
499 455 545 530 ad
559 457 695 555 poesim
709 458 825 530 minus
838 455 999 530 idoneam
1014 455 1121 530 inisse
1136 476 1207 530 uon
1218 461 1336 556 suspi-

312 579 499 655 ceremur?

362 705 463 792 Quod
480 704 524 777 ad
537 703 693 802 linguam
708 703 849 788 attinet,
869 698 969 775 nobis
988 701 1224 799 multomagis
1239 723 1336 798 pars-

311 829 453 925 picuum
478 839 550 914 est,
578 851 640 900 cur
664 827 701 898 in
727 825 875 924 propriis
900 824 1110 898 carminibus
1130 824 1197 897 eibi
1215 825 1334 896 Cicero

312 961 386 1023 tam
402 951 515 1047 impar
533 949 714 1022 exstiterit.
739 952 825 1021 Tum
843 949 936 1020 enim
952 941 1171 1046 ingeniorum
1190 947 1330 1044 inopia,
1452 955 1453 1000 l

312 1096 462 1171 quorum
477 1072 631 1170 vestigiis
659 1071 816 1156 insistat,
841 1071 1013 1166 patriique
1040 1071 1209 1143 sermonis
1236 1071 1329 1155 situ,

311 1221 417 1294 quem
434 1220 505 1270 non
528 1194 613 1270 satis
635 1193 749 1267 adhuc
765 1192 881 1289 poesis
902 1192 1049 1266 excoluit
1063 1240 1077 1278 ,ι
1093 1191 1160 1266 sibi
1184 1193 1333 1266 nimium
1453 1229 1454 1242 ι

120 1324 122 1330 ’
205 1415 207 1420 y
310 1321 484 1395 confidere
500 1320 646 1418 cogitur.
668 1317 734 1391 Ubi
745 1341 828 1390 vero
840 1327 1021 1413 poetarum
1035 1317 1223 1390 latinorum
1239 1319 1334 1415 prin·

308 1449 379 1546 cipi
408 1473 446 1521 se
468 1445 639 1520 condendi
661 1468 783 1518 versus
799 1444 931 1517 ratione
951 1468 1021 1516 non
1041 1444 1211 1540 imparem
1230 1454 1267 1517 et
1293 1467 1333 1517 eo

311 1572 525 1669 superiorem
550 1570 656 1641 ctiam
688 1567 818 1652 sensit,
847 1565 913 1639 sibi
942 1569 1085 1664 pronius
1115 1566 1275 1665 indulget
1299 1579 1335 1639 ot

311 1706 521 1779 assentatur,
540 1699 605 1764 nec
628 1691 776 1764 stimulis
797 1695 961 1764 accensus
983 1691 1147 1764 aernulum
1168 1713 1335 1788 superare

310 1814 501 1891 contendit.
523 1817 693 1888 Praestcus
711 1813 809 1886 enim·
819 1813 997 1911 exemplar
1014 1814 1064 1886 illi
1079 1813 1177 1886 freno
1194 1814 1332 1900 sumet,

310 1967 380 2040 quo
406 1940 610 2025 destitutus,
631 1940 741 2012 effuso
760 1963 863 2012 cursu
891 1938 1041 2024 scribit‚‘
1057 1951 1091 2011 et
1115 1949 1253 2012 noctem
1267 1940 1335 2012 iu-

310 2057 469 2140 somnem
480 2065 679 2164 quingentis
697 2063 956 2162 saperemibus
971 2063 1145 2162 tingendis
1153 2063 1331 2161 deperdit.

361 2195 477 2289 Longo
488 2190 588 2262 aliter
597 2187 828 2273 screshabct‚
844 2186 1078 2284 ubiprimum,
1093 2209 1173 2259 cum
1182 2189 1335 2260 Homero

312 2339 383 2390 non
404 2314 512 2390 semel
533 2326 568 2386 et
584 2313 746 2411 AEschylo
763 2325 798 2385 et
815 2311 984 2409 Sophocle
1004 2323 1039 2385 et
1061 2313 1247 2410 Euripide,
1274 2327 1337 2390 aut

311 2443 418 2514 ctiam
435 2441 542 2512 Aratb
562 2461 781 2535 congressus,
796 2437 921 2510 ducem
933 2447 969 2509 et
982 2435 1146 2511 aemulum
1156 2441 1337 2537 consequi-

312 2564 382 2652 tur,
399 2573 497 2663 cujus
508 2566 545 2636 in
561 2562 906 2637 excellentiadelixus
918 2575 1047 2662 stupet,
1059 2565 1104 2638 ad
1115 2589 1221 2662 quem
1234 2591 1334 2655 vcro,

311 2691 380 2764 nisi
397 2689 542 2762 summis
558 2687 688 2760 viribus
709 2687 924 2774 colluctans,
943 2686 1002 2761 vix
1022 2685 1184 2762 accedere
1203 2701 1333 2787 potest.

309 2817 342 2888 N
343 2839 381 2888 ec
394 2809 545 2888 Ennium
558 2837 720 2910 superare
729 2815 882 2887 Ciceroni
890 2821 964 2914 jam
978 2815 1062 2887 satis
1074 2807 1140 2900 est,
1153 2838 1268 2913 neque
1282 2815 1336 2890 illi

125 2983 130 2993 .
172 2959 174 2964 ·
281 2975 284 2982 =
311 2939 520 3036 profundere
535 2962 659 3011 versus
670 2950 706 3012 et
722 2937 831 3012 fluere
850 2938 1021 3012 lutulento
1039 2929 1251 3014 conceditur.
1270 2943 1335 3015 iiic

312 3075 433 3134 auctor
454 3061 572 3146 adest,
594 3062 774 3157 qui-suum
786 3055 1028 3157 'interpretem'
1042 3063 1225 3136 sublimius
1244 3066 1335 3138 effe-

310 3196 384 3272 rat·,
404 3183 543 3257 assidue
567 3193 727 3269 moneat,
749 3183 981 3258 luxuria-ntem
1003 3181 1179 3274 coerceat,
1207 3200 1241 3262 et
1266 3189 1333 3263 sibi

311 3311 513 3385 similiorem
530 3301 705 3382 informet.
731 3310 850 3406 ltaque
868 3305 925 3382 vin
943 3305 1110 3383 credibile
1126 3324 1179 3385 est
1201 3325 1333 3410 quanto

314 3437 463 3534 propriis
491 3459 512 3508 e
540 3421 703 3507 Cicerone
730 3457 896 3506 conversa
921 3434 1131 3531 pracellent.
1163 3435 1265 3521 Quod
1294 3449 1334 3510 ut

313 3545 538 3634 madifestius
561 3543 831 3655 proponeretur,
863 3581 1083 3656 summopere
1117 3559 1329 3634 studuimus.

313 3685 540 3779 interpretem
554 3685 750 3756 Graecorum
766 3683 957 3780 presertim
972 3683 1170 3756 Ciceronem
1184 3685 1333 3796 amplec-

313 3808 433 3892 timor,
451 3818 486 3880 et
499 3807 727 3920 quambene,
746 3806 994 3880 transferendis
1008 3807 1148 3881 illorum
1164 3807 1270 3894 locis,
1287 3808 1332 3906 dc

313 3956 410 4030 poesi
401 3929 529 4003 letina
541 3932 689 4048 meritus
705 3909 829 4038 luerit,
846 3929 1028 4005 ostendere
1044 3955 1222 4026 conemur.
1244 3933 1331 4005 Tum

315 4058 466 4160 denique
487 4034 619 4132 nemim
637 4067 748 4156 poste
771 4060 912 4154 propior
935 4033 1087 4143 accedit,
1113 4068 1149 4130 et
1174 4056 1239 4132 hac
1256 4057 1331 4132 sal-

484 4390 1213 4750 Hm
