2994 4774
698 294 859 348 „22-

269 425 331 496 tim
351 425 512 496 carminis
531 423 684 497 studioso
709 435 818 520 pootae
841 427 1044 522 proposuit?
1062 431 1231 505 catarum
1249 431 1279 500 si

268 550 346 646 quis
362 551 399 622 in
414 549 474 621 illo
488 573 613 648 genere
629 573 764 621 merum
781 573 976 624 sermonem
994 576 1199 650 musamque
1213 577 1281 649 pe-

269 673 421 746 destrem
448 696 603 769 unquam
633 672 857 770 profiteatur,
884 672 977 746 hunc
997 687 1088 748 certe
1113 675 1281 748 Lucilium

268 799 485 896 praedicares.
501 800 633 872 Horatii
642 797 772 897 judicio
784 823 854 870 non
874 798 1050 873 abutimur
1069 826 1077 873 :
1096 800 1214 872 Lucilii
1230 825 1282 874 re-

268 921 393 1017 liquias
418 920 620 994 evolvimus·
641 923 681 992 ln
698 919 813 992 verbis
832 931 868 992 et
891 921 928 992 in
953 905 1155 1018 argur'nento
1176 947 1279 1019 saepe,

268 1045 416 1118 solutam
431 1044 524 1141 apud
539 1045 638 1118 illum
654 1047 858 1130 orationem,
878 1056 912 1117 et
927 1046 984 1120 rix
1003 1044 1155 1142 aliquam
1169 1049 1283 1144 poesis

268 1164 429 1238 umbram
451 1167 601 1262 reperire
620 1179 685 1239 eet.
713 1169 912 1265 Disceptent
936 1171 1105 1269 exempla.
1126 1174 1211 1258 Quis
1228 1173 1284 1245 le-

269 1292 388 1389 gitimo
408 1291 547 1362 nomine
565 1315 686 1364 versus
705 1316 827 1364 vocare
839 1293 913 1366 haec
930 1295 1097 1370 auderet:

330 1485 489 1560 Coelioolae,
505 1487 626 1562 vellem,
640 1489 776 1566 inquam,
796 1485 1007 1551 adiuvissemu’
1023 1492 1122 1570 priore
1198 1517 1200 1524 v

331 1593 462 1657 Concilio
466 1638 530 1656 .....

332 1702 371 1764 Ut
382 1721 472 1764 nemo
482 1705 521 1764 sit
531 1708 678 1780 noenum,
691 1705 764 1782 quin
779 1707 865 1783 pater
878 1705 1014 1782 optumu’
1027 1705 1149 1778 divum,

331 1812 371 1873 Ut
382 1812 535 1892 Neptunu’
550 1818 651 1893 pater,
669 1813 768 1887 liber,
785 1813 929 1874 Saturnu'
942 1818 1039 1892 pater,
1058 1814 1150 1888 Mars,

333 1921 437 1996 lanu,
458 1920 597 1996 Quirinu’
611 1927 712 2005 pater,
734 1941 845 1986 nomen
859 1922 976 1983 dicatur
991 1923 1029 1986 ad
1045 1941 1155 1984 unum.

217 2209 219 2216 y
274 2115 414 2185 Frustra
426 2113 553 2186 talibus
570 2113 736 2188 voeabula
752 2139 882 2213 grana,
901 2140 947 2188 ne
958 2113 1002 2187 ad
1019 2114 1205 2185 minimum¹
1216 2114 1290 2209 qui-

276 2236 356 2309 dem
372 2239 473 2334 patrii
492 2239 661 2310 sermonis
682 2238 825 2315 modum
843 2239 975 2323 efficta,
996 2237 1057 2310 sed
1074 2260 1191 2319 mera,
1211 2260 1290 2309 con-

276 2363 405 2434 sociare
427 2363 569 2446 nititur;
586 2360 789 2458 plerumque
808 2361 1008 2458 squalidus,
1027 2361 1149 2445 hians,
1169 2359 1305 2451 humi-¹

276 2485 387 2581 lisque
404 2487 516 2582 repit,
536 2497 571 2557 et
586 2485 833 2583 grammatistae
850 2510 955 2581 quam
969 2495 1079 2580 poetae
1091 2483 1290 2555 similiorem

279 2633 316 2682 se
341 2611 441 2709 gerit.
470 2611 736 2682 Grammaticam
767 2612 858 2682 enirn
886 2621 920 2682 et
944 2609 1123 2680 metricam
1143 2619 1177 2680 et
1193 2607 1292 2678 latini

279 2735 448 2808 sermonis
464 2735 695 2807 sinceritatem
712 2735 749 2807 in
767 2734 975 2833 quibusdam
986 2733 1186 2832 fragmentis
1205 2731 1293 2803 edo-

279 2871 345 2932 cet.
361 2861 449 2944 'Quae
476 2858 616 2957 quidem
635 2884 656 2930 a
674 2861 770 2957 poesi
795 2885 865 2932 non
889 2859 1074 2932 abhorrere
1094 2855 1290 2940 delendam

280 2987 310 3056 ei
335 2984 439 3057 modo
462 2986 656 3082 contingat,
686 2998 725 3059 ut
751 3009 791 3071 ea
809 2987 864 3058 vel
885 2988 1047 3058 Horatius
1074 2983 1129 3056 vel
1154 2981 1294 3055 Boileau

281 3119 427 3181 tractare
452 3108 518 3181 sibi
540 3120 701 3196 sumant,
724 3121 757 3182 et
780 3109 847 3181 illis
865 3111 993 3208 ingenii
1022 3107 1166 3180 floribus
1190 3132 1294 3180 exor-

281 3234 397 3307 nanda
422 3244 554 3306 curent.
582 3233 651 3307 Sed
677 3236 867 3307 orationem
896 3233 1044 3306 solutam
1063 3233 1118 3304 his
1136 3232 1294 3305 versibus

282 3357 383 3458 longe
399 3355 590 3455 praetuleris
612 3382 620 3429 :

344 3560 421 3622 llam
431 3561 515 3621 velut
526 3561 605 3625 intro
616 3559 700 3622 aliud
713 3558 802 3634 longe
814 3575 877 3620 esee
890 3563 982 3636 atque
995 3558 1069 3618 intu’
1084 3558 1231 3630 Mantus,

345 3667 394 3730 Sic
404 3673 435 3730 et
443 3671 525 3750 apud
538 3674 568 3732 te
582 3671 671 3748 longe
684 3669 810 3743 aliaest,
827 3686 926 3748 neque
938 3667 1018 3730 idem
1030 3666 1110 3728 valet
1120 3666 1157 3728 ad
1170 3669 1213 3728 te.

346 3855 428 3916 Intro
441 3873 496 3915 nos
505 3860 592 3916 vocat
607 3857 643 3916 ad
656 3874 730 3931 sese,
749 3860 829 3918 tenet
845 3856 926 3916 intus
938 3855 1017 3935 apud
1032 3847 1074 3915 se.

286 4038 396 4112 Acuta
413 4036 553 4135 quidem
570 4037 727 4136 etlepido
745 4037 893 4112 Lucilius
911 4038 1063 4136 ingenio,
1079 4035 1141 4110 sed
1153 4037 1220 4111 isto
1234 4034 1296 4113 di·-

191 4626 566 4742 ‚A
