2954 4776
718 348 758 363 -
779 313 820 379 98
843 352 878 360 ,

296 471 368 520 rum
392 447 566 546 Euripidis
596 447 730 522 iambos
762 450 992 536 transferens,
1013 452 1050 522 in
1068 450 1152 524 locis
1171 409 1314 549 peribus

296 585 368 646 tam
387 573 541 672 dactylos
559 595 664 670 quam
678 572 850 670 spondeos
870 599 960 672 sape
977 577 1099 672 ponit:

501 791 518 832 o
529 728 642 850 ⁴Neque
657 775 722 832 tam
738 771 889 844 terribilis,
912 775 969 833 etc.
990 769 1042 854 (1).
1057 792 1083 862 va

303 981 306 988 ·
345 957 385 1026 ln
401 952 467 1026 hoc
489 964 606 1026 eutem
625 953 700 1026 loco
727 965 878 1052 g'raecum
906 966 1081 1027 auctorem
1106 957 1221 1053 ipsum
1242 978 1314 1030 non

296 1079 434 1176 oblique
456 1078 576 1174 laudat
593 1078 647 1151 his
664 1078 802 1151 verbis:
830 1107 846 1146 r
866 1080 987 1176 ltaque
1004 1104 1074 1152 non
1097 1081 1172 1153 sine
1192 1105 1311 1168 causa,

295 1230 404 1303 quum
422 1207 578 1277 Orestem
596 1203 750 1276 fabulam
778 1204 916 1277 doceret
948 1206 1150 1302 Euripidae,
1183 1209 1315 1306 primos

294 1340 365 1404 tres
375 1353 496 1403 versus
509 1353 689 1402 revocasse
706 1329 832 1403 dieitur
848 1331 1027 1417 Socrates:

358 1552 376 1591 «
393 1530 499 1608 Neque
512 1533 577 1591 tam
590 1523 731 1592 terribilis
745 1529 808 1592 ulla
818 1528 909 1592 fando
921 1533 1017 1593 oratio
1027 1537 1084 1606 est,
1102 1536 1163 1594 etc.
1179 1485 1231 1614 (Ab
1249 1550 1267 1591 r

296 1736 396 1822 Quod
413 1738 441 1808 si
459 1737 565 1834 igitur
582 1736 647 1808 hoc
666 1749 870 1834 argumento
888 1739 951 1810 niti
967 1762 1165 1836 possumus,
1184 1739 1315 1810 certio-

293 1862 390 1935 ribus
409 1861 485 1934 aliis
513 1861 691 1948 destituti,
712 1885 828 1934 nonne
857 1863 972 1935 locum
991 1865 1028 1934 in
1044 1863 1314 1936 controversiam

294 1988 504 2074 adductum,
524 1989 599 2085 ipso
616 1989 778 2061 Cicerone
796 2000 1051 2087 praemonente,
1069 1995 1144 2087 jam
1161 1989 1200 2060 in
1212 1991 1315 2062 Cice·

293 2113 438 2184 roniana
454 2111 642 2183 transferre
659 2108 766 2183 licet‘i

330 2235 463 2307 ·Verbis
497 2247 613 2308 autem
641 2259 717 2332 quae
751 2234 889 2331 subjicit
922 2235 1076 2333 AEscbyli
1100 2235 1310 2332 fragmento,

293 2385 387 2433 nunc
400 2359 642 2445 attendamus,
662 2357 754 2430 unde
776 2366 890 2457 majus
911 2360 1034 2445 etiam,
1052 2370 1092 2432 ut
1108 2360 1208 2432 nobis
1229 2360 1314 2458 qui-

293 2485 375 2557 dem
388 2484 545 2570 videtur,
564 2485 804 2556 controversia
820 2483 940 2556 lumen
957 2484 1110 2558 accedat.
1131 2488 1186 2558 Sic
1206 2486 1313 2560 audi-

294 2622 371 2683 tor:
397 2639 413 2678 r
434 2613 590 2696 interea,
609 2609 702 2682 unde
714 2610 772 2680 isti
788 2607 932 2682 versus?
948 2613 1025 2684 Non
1039 2613 1132 2684 enim
1147 2637 1309 2710 agnosco.

293 2738 509 2810 —Marcusz
528 2737 648 2808 Dicam
663 2734 792 2809 hercle.
814 2737 953 2811 Etenim
970 2749 1062 2813 recte
1075 2719 1236 2834 requiris.
1256 2739 1318 2809 Vi-

294 2859 402 2934 desne
419 2861 596 2942 abundare
613 2885 670 2934 me
700 2857 796 2934 otio?
818 2903 867 2915 -
890 2861 1060 2935 Auditor:
1091 2860 1181 2946 Quid
1210 2859 1313 2933 turn?

295 3027 344 3038 -
356 2987 492 3057 Marcus
507 3011 516 3057 ι
534 2986 642 3057 Fuisti
663 3009 767 3081 sape,
784 2984 907 3070 credo,
927 3009 1007 3057 cum
1026 2983 1171 3056 Athenis
1192 3009 1309 3070 esses,
1360 2991 1363 2998 '

237 3195 241 3203 Ι
295 3107 333 3180 in
350 3107 475 3180 scholis
498 3106 795 3204 philosophorum.
818 3148 866 3162 —
889 3108 1062 3180 Auditor:
1080 3109 1171 3182 Vero
1198 3134 1238 3183 ac
1263 3108 1313 3182 li-

294 3231 417 3306 benter
435 3231 590 3330 quidem.
606 3273 655 3286 -
668 3233 828 3305 Marcus:
848 3231 1157 3306 Animadvertebas
1180 3235 1309 3333 igitur,

295 3360 361 3434 etsi
386 3370 462 3431 tum
482 3383 585 3431 nemo
613 3368 687 3430 crat
711 3356 900 3430 admodum
925 3357 1105 3454 copiosus,
1129 3370 1313 3432 verumta-

294 3509 376 3558 men
400 3510 521 3558 vcrsus
541 3484 584 3557 ab
604 3483 659 3556 his
678 3482 860 3555 admisceri
879 3482 1039 3556 orationi.
1064 3526 1113 3539 -
1136 3482 1309 3558 Auditor:

294 3607 344 3682 Ac
362 3609 490 3683 multos
520 3607 661 3708 quidem
689 3632 711 3680 a
739 3608 902 3706 Dionysio
927 3607 1048 3680 stoico.
1075 3651 1124 3663 -
1148 3610 1309 3682 Marcus:

295 3733 404 3810 Probe
416 3735 520 3822 dicis;
542 3733 603 3807 sed
620 3735 651 3806 is
668 3733 768 3832 quasi
779 3730 920 3818 dictata,
937 3731 1033 3808 nullo
1050 3732 1198 3822 delectu,
1213 3733 1311 3809 nulla

329 3985 367 4057 (t)
386 3981 498 4043 Puteoli:
513 3981 687 4052 Priscianus,
701 3980 720 4036 Ι.
735 3984 761 4037 4.

332 4081 370 4152 tt)
387 4083 461 4153 iba,
473 4080 492 4138 1.
507 4082 532 4151 i,
545 4081 589 4138 29.

368 4394 1046 4752 ass
