2994 4774
601 329 765 388 ..15-

212 473 290 544 Non
310 465 482 544 absimilia
496 472 607 564 jactat
618 463 746 546 Sinon,
763 462 922 546 AEond„
942 464 984 547 2,
1003 463 1065 532 70.
1081 461 1186 533 Ennii

165 595 288 671 Medea
309 592 535 692 virgilianam
552 599 645 662 eerte
668 587 757 661 Dido
785 586 948 661 delineat.
977 586 1097 660 Altera
1112 585 1187 660 tali-

165 723 231 796 bus
248 717 480 794 exscribitur:

289 897 395 964 Medea
407 897 509 957 animo
523 911 619 968 agro,
636 909 740 954 amore
752 908 832 952 savo
849 891 952 954 saucia
967 887 1021 972 (ἱ).

166 1087 250 1170 Quas
269 1105 339 1154 non
357 1086 541 1174 exsuperat
557 1073 746 1174 elegantior
762 1071 872 1144 altera
890 1099 920 1157 z,

288 1286 330 1347 At
345 1285 450 1360 regina
467 1282 551 1357 gravi
569 1279 750 1360 jamdudum
766 1279 869 1341 saucia
883 1296 969 1340 eura.

665 1385 801 1460 Eadm,
818 1390 857 1459 b,
877 1387 907 1446 l.

169 1556 248 1625 Haee
264 1552 463 1622 Alexandri:

242 1726 322 1788 Nam
333 1724 465 1787 maximo
476 1723 554 1785 saltu
568 1723 720 1804 superabit
729 1723 871 1798 gravidus
882 1724 1006 1786 armatis
1016 1741 1123 1803 equus,

246 1834 306 1910 Qui
320 1853 375 1897 suo
388 1839 478 1916 partu
490 1833 586 1896 ardua
599 1833 705 1914 perdat
717 1831 866 1908 Pergama
881 1831 935 1917 (b).

166 2015 255 2088 Illud
273 2015 406 2112 Virgilii
425 2013 649 2096 notissimum
666 2011 874 2092 ediderunt:

452 2215 575 2278 Soondit
589 2213 689 2278 fatalis
702 2215 842 2278 maehina
855 2234 959 2279 muros

289 2323 366 2408 Feta
385 2327 487 2386 armis.

166 2515 205 2584 ln
229 2513 356 2609 quibus
381 2513 576 2586 mirabilem
602 2513 787 2585 imitatoris
814 2523 925 2584 artem
959 2523 995 2583 et
1015 2509 1187 2610 judicium

167 2636 476 2733 deprehendimus,
495 2639 578 2735 qui,
598 2636 683 2710 dum
704 2648 898 2723 mutuatur,
919 2636 1081 2711 emendat
1099 2649 1135 2709 et
1151 2639 1188 2709 in

168 2758 292 2832 melius
317 2760 519 2856 expoliendo
542 2759 708 2833 deflectit.
741 2763 854 2832 «Feta
876 2763 984 2834 annis
1007 2791 1023 2830 s
1047 2772 1188 2858 partum

167 2875 309 2982 quidem
326 2883 482 2956 futurum
497 2882 689 2981 significat,
708 2884 896 2981 imaginem
908 2908 990 2957 vero
1006 2885 1188 2958 ridiculam
1268 2917 1272 2923 ·

166 3035 237 3084 non
256 3011 452 3108 expressius
471 3009 603 3108 objicit.
632 3011 635 3021 ’

215 3137 327 3210 Nobili
346 3161 447 3209 versu
464 3135 614 3232 praeierit
630 3136 766 3208 Naevius
784 3159 793 3206 ε

244 3334 390 3396 Panditur
405 3334 519 3396 interea
534 3333 642 3396 domus
657 3331 847 3398 altisonant'u
863 3331 988 3412 Olympi
1001 3330 1054 3414 (3).

217 3524 322 3593 Iterat
338 3521 475 3605 AEneis,
498 3523 562 3605 10,
587 3524 601 3590 1
622 3544 631 3591 t

248 3725 395 3790 Panditur
408 3725 523 3786 interea
539 3723 647 3786 domus
658 3722 872 3803 omnipotentis
886 3718 1020 3802 Olympi.

205 3905 241 3974 (t)
256 3904 353 3973 Bothe,
366 3917 394 3974 p.
408 3906 453 3962 52.

206 4000 243 4070 (2)
258 3999 338 4070 lbid„
350 3999 430 4059 Alere.
443 4001 506 4071 En,
520 4003 565 4057 st.

206 4099 242 4168 (3)
258 4097 398 4154 Weiebert.
416 4098 471 4152 Vet.
485 4098 558 4152 Poet.
