2966 4776
725 355 890 414 ..75-

285 489 362 559 Jam
381 507 462 559 vero
484 509 561 582 quae
584 507 702 558 renum
725 488 837 586 magis
861 477 1024 585 expressa
1045 491 1144 564 lieret
1165 473 1308 592 imago,

285 635 391 709 quam
413 607 653 708 hujuscemodi
674 607 820 683 versus:

368 812 506 894 Saxaque
519 831 595 878 cana
607 813 676 878 salis
690 817 776 879 niveo
791 821 930 898 spumata
942 817 1074 897 liquore,
1092 821 1175 882 etct

289 1012 351 1075 aut
371 1025 381 1074 ε

369 1198 451 1264 Cana
466 1199 558 1276 fulix,
577 1207 638 1266 eto.

369 1307 460 1373 Haud
475 1311 608 1372 modicos
623 1309 755 1373 tremulo
767 1309 897 1374 lundens
910 1330 927 1372 e
940 1316 1067 1388 guture
1081 1317 1206 1384 cantus?

336 1522 495 1596 Alterum
514 1522 630 1596 locum
648 1523 693 1596 ob
711 1523 829 1597 oculos
847 1524 1073 1620 proponimus
1096 1523 1144 1622 (l)
1168 1530 1195 1597 :'

371 1747 433 1810 Vos
447 1767 567 1827 quoqne
581 1751 664 1825 signa
675 1751 796 1838 videtis,
814 1753 905 1828 aquai·
917 1748 1013 1811 dulcis
1028 1748 1176 1823 alumnae,

372 1855 477 1931 Quum
492 1857 623 1920 clamore
635 1859 747 1939 paratis
761 1861 866 1922 inanes
878 1858 1007 1921 fundere
1019 1877 1122 1933 voces,

371 1965 570 2045 Absurdoque
585 1985 656 2029 sono
671 1967 768 2029 lentes
782 1972 814 2029 et
825 1972 932 2042 stagna
945 1967 1041 2029 cletis.

303 2135 305 2140 .
371 2073 457 2156 Saepe
472 2077 563 2141 etiam
578 2078 715 2157 pertriste
728 2079 808 2140 canit
822 2078 860 2139 de
875 2079 995 2158 pectore
1008 2093 1148 2148 carmen,

369 2183 409 2246 Et
425 2187 581 2248 matutinis
597 2186 739 2250 acredula
755 2188 877 2249 vocibus
892 2189 1002 2260 instat,
1089 2207 1093 2212 ‘¹

367 2291 499 2356 Vocibus
512 2297 621 2371 instat,
635 2300 667 2357 et
679 2296 812 2358 assiduos
823 2297 896 2375 Jacit
910 2314 962 2358 ore
977 2294 1135 2375 quondm,

370 2401 476 2475 Quum
488 2405 622 2483 primum
637 2403 750 2477 gelidos
763 2422 846 2466 rores
861 2422 970 2466 aurora
983 2404 1111 2467 remittit
1126 2421 1135 2464 ι

372 2506 529 2586 Fuscaque
542 2528 779 2589 nonnunquam,
797 2530 919 2574 cursans
931 2531 986 2592 per
998 2512 1116 2585 littora,
1131 2509 1234 2570 cornix

373 2616 523 2679 Demersit
537 2623 629 2699 caput
643 2623 673 2681 et
688 2619 815 2682 linctum
831 2623 945 2682 cervice
959 2621 1091 2710 recepit3

373 2723 609 2806 Mollipedesque
621 2729 712 2791 boves
727 2733 895 2811 spectantes
908 2727 1027 2792 lumina
1039 2727 1125 2802 cccli,

375 2835 505 2900 Naribus
518 2838 706 2904 humilerum
721 2841 835 2904 duxere
853 2859 890 2904 ex
904 2860 974 2904 aere
996 2857 1131 2902 succum.

342 3045 517 3120 Prioribus
536 3047 609 3119 haec
627 3050 783 3144 proxime
802 3045 1036 3143 respondent,
1058 3053 1093 3116 et
1108 3043 1216 3116 Arcto
1234 3063 1320 3112 sane

295 3169 493 3243 detrimenti
514 3171 602 3244 nihil
622 3173 785 3244 afferunt.
810 3172 1038 3246 Mutationem
1058 3179 1181 3271 tamen·
1198 3189 1321 3264 quum·

297 3294 380 3368 dam
401 3296 439 3367 in
467 3296 589 3392 primis
622 3293 727 3396 huJus
754 3294 821 3368 loci
853 3292 1011 3368 versibus
1046 3289 1317 3366 animadvertas.

298 3421 434 3494 Graecus
460 3432 600 3508 auctor,
625 3433 665 3496 ut
691 3429 766 3521 jam
791 3418 1083 3518 praemonuimus,
1111 3416 1156 3494 ad
1181 3428 1320 3491 teneros

298 3567 422 3620 sensus
441 3551 602 3644 pronior,
625 3550 674 3622 sic
686 3547 896 3650 ‚ranulmum
910 3545 1122 3620 miseretur:

378 3744 440 3805 Aut
456 3749 551 3821 magis
568 3750 685 3812 miserae
701 3749 874 3830 progenies,
892 3743 995 3830 hydris
1010 3763 1093 3819 esca,

379 3853 512 3916 indidem
527 3874 565 3918 ex
580 3875 661 3936 aqua
674 3861 775 3939 patres
789 3858 916 3920 coaxant
929 3855 1119 3918 ranularum.

337 4114 374 4184 (t)
392 4113 499 4185 Nobis,
515 4127 542 4172 v.
557 4115 620 4174 246.
636 4144 671 4156 -
685 4117 798 4189 Aratus,
814 4131 837 4175 v.
853 4117 934 4177 eu.-
