2994 4774
719 363 875 422 ..58-

293 508 438 572 certant.
464 501 517 572 En
534 521 603 595 quo
622 497 751 568 lactum
772 506 883 568 estut
906 504 1040 579 orator,
1067 492 1152 568 dum
1175 496 1231 568 sui
1246 497 1308 568 ni-

294 625 404 696 mium
424 624 670 707 reminiscitur,
690 632 799 718 poetae
814 620 971 695 nonnihil
991 621 1156 694 offecerit.

339 749 459 843 Neque
477 747 590 832 aliter,
610 747 664 818 sui
680 746 758 843 plus
779 771 877 842 aeqoo
895 769 1029 818 memor
1049 757 1083 818 et
1103 769 1246 831 amans,
1268 747 1307 820 in

291 870 526 968 impeditiores
549 872 726 969 angustias
756 869 888 942 incidit.
922 873 1013 942 Dum
1033 870 1125 944 enim
1144 869 1210 942 sibi
1226 869 1309 942 lau-

293 993 378 1067 dum
404 1019 546 1068 suarum
575 1005 680 1068 testes
710 995 793 1068 deos
819 1005 854 1068 et
879 1019 1053 1092 precones
1077 1006 1254 1092 comparat
1274 1008 1310 1068 et

292 1117 410 1217 fingit,
430 1143 535 1215 quem
559 1120 596 1192 in
614 1120 746 1192 exitum
772 1117 914 1191 evadit?
935 1121 1032 1216 Ipsos
1048 1120 1086 1190 in
1105 1119 1309 1192 concionem

292 1240 407 1312 vocari
427 1237 524 1324 deos,
544 1239 604 1336 qui
619 1237 801 1311 mortalem
825 1240 1022 1334 quempiam
1041 1238 1203 1312 laudibus
1218 1241 1308 1314 effe-

293 1375 390 1450 rant,
417 1387 532 1436 nonne
551 1371 627 1462 jam
649 1364 687 1436 iu
714 1363 859 1436 ridiculo
887 1362 1069 1460 paululum
1099 1363 1222 1436 haberi
1240 1388 1310 1461 po-

294 1482 383 1558 test?
400 1527 450 1540 -
466 1487 532 1558 Fac
550 1495 667 1566 tamen
685 1507 744 1556 eos
760 1483 828 1556 sibi
842 1485 995 1558 vicissim
1012 1485 1173 1581 praeconii
1189 1509 1310 1558 curam

294 1609 443 1682 tradere.
466 1611 502 1681 Si
519 1633 576 1682 res
595 1633 617 1680 a
633 1610 795 1682 Cicerone
819 1619 957 1707 gestae,
980 1619 1104 1682 ornatu
1132 1609 1306 1706 quolibet,

294 1747 333 1808 ut
347 1736 461 1831 poesis
479 1735 645 1831 requirit,
666 1735 878 1831 amplificare
895 1733 1117 1820 contendant,
1133 1736 1170 1808 in
1184 1745 1310 1808 morta-

294 1858 338 1930 lis
347 1859 457 1958 gloria
471 1859 743 1958 stupentesdeos
754 1848 921 1933 ostendis.
938 1860 974 1931 Si
986 1883 1068 1932 vero
1077 1885 1152 1956 qua
1166 1859 1307 1944 luerint,

294 1987 503 2080 preconium
513 2009 584 2058 nou
598 1985 813 2084 egrediatur,
833 1997 869 2060 et
879 1986 970 2058 veris
986 1986 1218 2070 contineatur,
1229 1987 1308 2082 quis

291 2117 366 2207 jam
379 2135 464 2183 usus
482 2113 596 2208 poesis
617 2110 797 2209 superest?
816 2112 1003 2198 Historiam
1024 2111 1139 2208 potius
1159 2111 1312 2184 oratione

296 2237 409 2310 soluta
426 2237 571 2310 scribas.
595 2237 695 2322 Quod
722 2238 752 2308 si
779 2235 999 2320 tondemur
1022 2257 1174 2331 praesens
1193 2246 1228 2308 et
1242 2259 1313 2332 pu-

295 2361 403 2446 dens,
426 2387 463 2434 se
480 2360 641 2434 laudibus
664 2359 774 2432 obteri
799 2362 915 2434 Cicero
932 2384 1003 2432 non
1019 2361 1166 2456 patitur,
1185 2361 1313 2457 quippe

295 2487 356 2580 qui
373 2485 439 2558 diis
458 2487 532 2580 ipse
549 2484 753 2558 canentibus
776 2495 930 2556 mentem
954 2485 1116 2580 inspiret,
1143 2485 1313 2558 modestia

296 2607 461 2704 quedam,
480 2609 535 2680 vel
548 2609 691 2692 invitus,
705 2608 891 2682 adducitur
908 2621 948 2681 ut
964 2633 1072 2682 musae
1092 2633 1161 2680 suae
1178 2621 1311 2706 parcat,

297 2741 332 2804 et
347 2731 440 2804 illius
457 2733 626 2829 impetum
651 2745 833 2830 temperet.
862 2736 949 2806 Tum
970 2757 1052 2806 vero
1068 2757 1144 2828 quae
1160 2733 1314 2805 Ciceroni

297 2866 411 2952 potest
426 2856 479 2928 vis
498 2856 712 2954 excogitandi
734 2858 869 2953 poetico
895 2854 1098 2954 superesse?
1123 2854 1176 2927 Illi
1202 2880 1314 2952 neque

297 2981 422 3065 rebus,
442 3004 555 3075 neque
576 2980 691 3052 verbis
715 2983 931 3076 aliquantum
955 2982 1110 3054 habenas
1137 2979 1314 3054 effimdere

298 3102 398 3188 lieet,
425 3104 493 3174 nisi
518 3105 636 3174 statim
657 3103 722 3175 sibi
751 3104 856 3200 paulo
883 3104 1065 3202 gloriosius
1093 3118 1312 3182 assentetur:

298 3225 431 3300 Cedant
449 3248 566 3309 arma,
585 3233 651 3296 etc.
662 3227 748 3296 -Ο
763 3226 987 3311 fortunatam,
1000 3235 1066 3299 etc.

240 3385 244 3394 ·
351 3350 411 3422 llis
439 3347 565 3420 similia
573 3354 705 3446 jactare
722 3357 783 3420 aut
801 3347 899 3421 humi
916 3359 1052 3445 reptare
1069 3351 1215 3449 cogitur.
1235 3352 1316 3436 Qui·

299 3475 367 3548 bus
383 3477 420 3547 in
437 3474 628 3572 angustiis,
649 3496 757 3570 quum
774 3475 935 3570 utrinque
950 3475 1020 3547 siut
1035 3478 1240 3572 precipites,
1250 3479 1317 3550 iter

304 3613 421 3672 tenere
437 3623 544 3695 quam
563 3598 712 3671 arduum
728 3596 800 3670 est!
818 3599 991 3672 Ciceronis
1005 3601 1159 3672 oratione
1177 3625 1317 3697 praeser-

305 3726 369 3796 tim
395 3723 553 3820 proditur
576 3748 653 3820 quae
680 3722 784 3795 rebus
809 3722 993 3794 difficultas
1019 3723 1205 3798 inhaeserit.
1232 3725 1317 3798 Alia

305 3848 447 3947 quidem
462 3857 544 3920 sunt
553 3872 663 3919 causa
672 3872 734 3920 cur
743 3847 916 3919 Ciceronis
927 3851 1066 3944 propria
1082 3849 1236 3921 carmina
1246 3875 1316 3926 non

305 3973 450 4072 egregiis
476 3970 602 4066 eloquii
625 3971 809 4044 uirtutibus
829 3969 997 4044 eluceant.
1027 3972 1094 4046 Sed
1120 3975 1264 4048 oratoris
1282 3985 1317 4046 et

305 4100 455 4174 hominis
480 4096 582 4170 anxia
605 4095 799 4181 sollicitudo
817 4111 852 4172 et
872 4097 984 4170 inanis
999 4098 1121 4195 gloria,
1140 4123 1249 4196 quum
1263 4125 1316 4173 ur-

729 4208 792 4255 ΔιΙ.
