2966 4776
613 335 652 346 ..
673 301 712 362 87
735 334 774 350 ..

178 430 322 502 roniena
341 429 564 526 dignoscendi
583 429 726 502 modum
741 410 848 527 eupm
864 431 1008 505 delinire
1024 432 1193 505 studeba-

178 577 278 640 mus,
298 561 425 653 cujum
442 555 585 626 utimur.

226 680 322 751 Hauc
341 677 513 776 duplicem
527 679 677 777 auctoris
691 677 856 753 laudandi
873 681 1042 753 rationem
1059 680 1172 753 disoer
1210 744 1214 754 ,

177 826 315 875 namus.
335 804 450 876 Attius
472 805 613 876 Homeri
632 811 708 902 jam
732 805 967 898 Apamemoooc
992 805 1028 874 in
1055 827 1194 876 scenam

177 926 342 1000 traduxit.
364 929 524 1002 Laudans
537 929 642 1027 igitur
658 931 861 1015 Homerum,
878 929 939 1002 sed
953 930 1103 1002 Attianis
1119 953 1195 1001 ver·

176 1048 254 1138 bis,
286 1063 463 1128 auctorem
489 1052 533 1125 ab
554 1054 740 1150 interprete
766 1053 883 1126 Cicero
906 1063 982 1126 'non
1011 1053 1192 1152 sejungit:

182 1203 199 1244 ι
226 1177 331 1262 Hinc,
350 1179 422 1263 ait,
440 1177 654 1276 Agamemno
672 1179 873 1252 Homericus
900 1189 935 1250 et
961 1175 1055 1252 idem
1078 1176 1197 1250 Attia-

62 1291 66 1296 ’
180 1322 274 1374 nus:

258 1471 403 1534 Scindens
416 1473 518 1536 dolore
531 1475 694 1536 identidem
709 1475 858 1538 intonsam
872 1493 990 1537 comam
1009 1473 1060 1558 (1).
1078 1495 1095 1534 »

103 1723 105 1726 ,
225 1652 340 1737 Quum
365 1665 482 1726 autem
499 1656 689 1753 interpres,
719 1656 834 1727 Attius
857 1668 917 1727 aut
947 1656 1059 1752 quivis
1087 1656 1194 1742 alius,

177 1775 312 1881 delicit,
339 1802 488 1877 gracum
515 1790 691 1851 auctorem
720 1781 837 1852 Cicero
861 1791 997 1853 tantum
1015 1779 1195 1880 appellat:

183 1927 200 1968 c
222 1902 267 1974 Ut
283 1902 332 1975 ait
350 1905 518 1976 Homerus
538 1903 581 1975 de
598 1903 885 2002 Bellerophonte:

257 2099 318 2174 Qui
332 2103 421 2164 miser
433 2105 464 2163 in
479 2105 593 2184 campis
612 2120 743 2164 moerens
758 2104 878 2164 errabat
894 2101 991 2176 Aleis,

258 2210 326 2292 lpse
338 2230 428 2274 suum
442 2213 606 2286 teredone,
622 2213 781 2276 homiuum
794 2213 921 2288 vestigia
933 2212 1033 2274 vitans
1044 2209 1097 2294 (2).
1116 2229 1134 2270 u

224 2396 301 2467 Non
317 2393 436 2481 aliter,
467 2405 528 2467 aut
556 2394 752 2492 expressius
772 2395 898 2479 etiam,
933 2417 971 2465 se
997 2403 1197 2465 convertere

175 2514 345 2615 significat
362 2519 417 2590 hie
430 2519 545 2592 verbis
562 2544 571 2592 ι
595 2547 612 2588 c
634 2521 717 2604 Quae
732 2517 824 2615 apud
837 2520 1028 2592 Homerum
1040 2513 1194 2588 Achilles

177 2643 351 2737 queritur,
368 2644 458 2729 hoc,
476 2656 516 2716 ut
535 2645 680 2740 opinor,
699 2643 804 2716 modo
821 2669 830 2715 τ

257 2815 375 2894 Corque
390 2834 492 2876 meum
507 2817 626 2896 penitus
638 2817 784 2890 turgescit
798 2815 934 2876 tristibus
949 2816 1010 2887 iris,

258 2922 659 3004 Quumdecorcatqueomni
668 2943 718 2986 me
725 2922 962 2986 orbatumleude
971 2921 1110 2982 recordor
1117 2919 1194 3004 (etp)

177 3108 289 3178 autin
307 3105 459 3180 secundo
471 3107 520 3178 Dc
530 3109 719 3180 divinatione
736 3130 746 3179 t
764 3133 781 3174 c
798 3104 845 3177 At
862 3104 1064 3178 Homericus
1080 3104 1191 3201 Ajax,

177 3229 269 3327 opud
300 3230 470 3304 Achillem
500 3254 649 3329 querens
682 3229 727 3304 de
757 3229 934 3302 ferocitate
967 3231 1194 3327 Trojanorum

176 3357 292 3428 nescio
307 3355 414 3452 quid,
435 3355 501 3428 hoc
519 3355 623 3430 modo
640 3356 802 3428 nuntiat:

256 3551 401 3632 Prospera
412 3549 530 3633 Jupiter
538 3553 585 3614 his
595 3553 709 3614 dextris
719 3549 889 3625 fulgoribus
903 3548 965 3610 edit
980 3545 1064 3632 (4).»

211 3757 248 3827 (3)
269 3755 392 3826 ruent,
409 3759 436 3828 3,
451 3759 496 3815 eo.

210 3853 247 3922 (e)
266 3851 348 3922 uec„
366 3855 393 3923 3,
407 3856 453 3911 ee.
468 3851 564 3924 ruta,
578 3856 605 3923 c,
621 3857 685 3912 eoo.

212 3953 249 4021 (3)
268 3948 665 4022 roto.,a,e.11tact.,e‚oce.

213 4047 249 4115 (3)
270 4045 306 4102 oo
319 4045 427 4116 uae,
440 4049 484 4105 33.
