2966 4776
711 343 874 402 ...66-

376 473 443 536 iion
457 474 524 555 alite
542 491 634 536 naves
648 477 683 534 ut
698 475 730 542 in
743 472 805 542 alto
819 471 951 552 pondere
964 449 1005 554 (i)
1024 489 1127 552 proras
1234 525 1236 528 .

376 585 454 644 Ante
470 582 566 644 solent
583 585 677 643 rostro
690 581 841 662 Neptunia
855 585 942 661 prata
957 564 1105 656 seoautem

293 677 297 686 ’
375 692 433 753 Sed
452 709 594 769 conuersa
608 695 688 752 retro
708 691 776 753 ooeii
792 690 968 772 seperiora
982 695 1094 776 portat.
1171 767 1175 776 .

291 799 294 805 ’
372 797 478 875 ¹Siout,
495 819 590 880 quum
601 789 726 880 ¹captant
739 805 820 862 tutos
834 803 1007 875 contingere
1023 805 1145 880 portum

376 909 548 972 Obvertunt
562 927 671 972 navem
685 927 796 984 magno
810 928 881 971 oum
896 908 1028 990 pondere
1040 913 1159 985 nautae,

375 1020 601 1098 Adversamque
616 1019 743 1081 trahunt
761 1018 916 1106 optataad
929 1019 1187 1100 littora-puppim,

377 1128 426 1191 Sio
438 1147 580 1191 conversa
595 1134 683 1191 vetus
705 1148 795 1209 snper
809 1130 923 1191 aethera
941 1129 1068 1190 vertitur
1086 1129 1182 1202 Argo,

293 1305 295 1312 ‚
376 1238 476 1317 Atque
488 1257 585 1318 nsque
597 1256 615 1298 a
628 1257 717 1318 prora
729 1239 767 1299 ed
779 1236 892 1299 oelsum
909 1239 972 1299 siue
988 1237 1104 1299 lumine
1113 1237 1249 1309 maium,

375 1348 400 1409 A
416 1347 496 1410 malo
511 1349 549 1410 ad
563 1349 690 1428 puppim
700 1365 771 1408 oum
780 1347 895 1410 lumine
904 1346 1129 1424 elararidetnr3

375 1457 450 1518 Inde
468 1443 703 1531 gubernaclum,
720 1457 851 1536 disperso
865 1455 981 1518 lumine
995 1453 1130 1545 fulgens,

376 1559 456 1626 Clari
473 1565 635 1643 posteriora
649 1561 737 1625 Canis
751 1563 877 1637 vestigia
892 1562 1005 1623 condit.

221 1801 237 1830 p
343 1745 407 1817 Hie
419 1744 587 1817 nonnulle
599 1756 763 1818 notentur
779 1766 962 1843 perperam
978 1745 1126 1816 iterato:

230 1929 231 1934 ,
350 1859 590 1943 «Conversem
605 1895 675 1968 prae
689 1895 726 1944 se
741 1883 903 1969 portans,
924 1881 991 1944 eto.
1004 1867 1132 1941 ——Sed
1148 1885 1320 1940 converse

176 2005 181 2014 '
295 2003 531 2090 reimponere,
551 2006 617 2068 eto.
637 2037 686 2049 —-
708 1999 748 2069 ln
761 1995 831 2069 alto
847 1995 1001 2094 pondere
1016 2014 1159 2090 proras;
1177 2012 1319 2060 -ma-

278 2105 364 2217 'gno
385 2144 466 2192 oum
481 2121 634 2217 pondere
653 2132 785 2207 naute,
804 2133 872 2194 eto.
890 2163 938 2175 -
949 2118 1049 2193 Clara
1064 2115 1226 2201 videtur,
1246 2124 1315 2186 ete.

295 2287 343 2300 -
361 2245 452 2319 Cleri
469 2247 683 2343 posteriora,
705 2259 799 2318 eto.»

343 2368 474 2441 Addita
490 2369 650 2465 quaedem
667 2395 676 2442 z
940 2443 942 2447 ,

348 2516 364 2555 ι
391 2491 564 2584 Neptunia
582 2501 683 2586 prete
709 2499 885 2574 secantes,
908 2497 974 2558 ete.
1000 2525 1047 2540 —-
1076 2488 1238 2584 Dispersa
1257 2484 1319 2557 lu-

295 2601 390 2684 mine
405 2611 556 2710 fulgens.
576 2639 592 2682 a

341 2735 420 2809 Alia
436 2738 578 2835 quidem
595 2739 817 2838 impeditiora
835 2761 941 2835 quam
958 2738 995 2811 in
1016 2761 1150 2838 greco,
1171 2731 1319 2830 exempli

296 2865 432 2962 gretie:
853 2863 854 2870 ’

377 3049 444 3110 Νοιι
458 3049 525 3110 aliae
538 3065 630 3110 naves
644 3052 679 3108 ut
697 3050 729 3108 in
745 3048 823 3120 alto,
846 3051 903 3107 eto.

345 3233 410 3318 Aa,
430 3233 459 3305 si
476 3232 578 3331 graeoi
593 3229 685 3302 flexa
712 3228 955 3325 versatilisque
971 3224 1133 3299 mollities
1153 3226 1190 3296 in
1214 3243 1320 3319 supra

295 3358 444 3432 laudatis
464 3357 674 3456 requiratur,
700 3354 941 3453 reputantibus
960 3365 1077 3427 tamen
1096 3374 1202 3448 quem
1220 3347 1317 3446 poesi

296 3483 410 3557 aulhuo
426 3483 506 3557 rudi
523 3484 570 3555 sit
593 3482 743 3556 arduum
769 3481 833 3556 hos
851 3481 948 3554 naris
967 3489 1082 3554 motus
1100 3477 1314 3574 exprimere,

296 3609 460 3707 pleraque
482 3608 627 3684 feliciter
652 3619 687 3680 et
711 3631 873 3705 expresse
889 3625 1055 3682 converse
1077 3599 1180 3677 'nobis
1197 3597 1316 3672 mirari

298 3732 403 3819 libet,
423 3732 496 3805 haeo
512 3733 549 3804 in
568 3732 717 3829 primis:

421 3926 460 3987 at
476 3922 565 3986 Canis
583 3925 619 3986 ad
636 3925 764 3986 caudam
782 3943 904 4005 serpens
920 3924 1096 4005 praelabitur
1113 3923 1210 3998 Argo;
1297 4017 1300 4022 Ι

336 4107 372 4180 (t)
392 4109 495 4180 Vulgo:
506 4103 640 4180 pondere;
654 4103 784 4164 Orellios:
798 4122 907 4178 ponere.
940 4127 943 4132 ·
987 4070 989 4074 Ι
