2966 4776
637 331 794 388 ..51-

205 463 339 548 inlusus
352 461 451 534 ardet
464 463 619 548 animus,
635 460 807 560 discerpta
817 459 974 534 membra
984 484 1083 536 mens
1095 466 1221 562 agitat,

207 599 309 684 poeta
323 589 431 684 spirat
446 599 480 660 et
492 589 588 660 vivit.
606 589 778 661 Ciceronis
794 599 914 661 contra
927 591 1067 686 propria
1087 590 1223 686 poesis,

207 723 283 806 qua
300 712 442 808 quidem
460 736 501 784 ex
516 713 638 785 intimo
656 723 793 809 pectore
810 713 910 800 fluit,
930 725 965 786 et
981 713 1160 787 hominem
1178 725 1227 787 to-

207 845 283 905 tum
315 836 505 930 exprimere
542 835 655 921 solet,
688 837 802 909 neruis
834 837 1004 924 deficitur,
1044 841 1228 936 exsanguis

207 959 370 1047 anhelat,
392 972 426 1034 et
446 963 612 1034 exanimis
632 963 837 1059 plerumque
852 970 956 1061 jacet.
1033 1011 1035 1014 -

257 1085 446 1159 Careamus
463 1097 580 1158 tamen
597 1111 661 1174 ne,
680 1087 765 1160 dum
779 1089 882 1159 Ennii
896 1087 951 1160 vel
962 1088 1047 1160 Attii
1061 1090 1229 1160 miramur

209 1211 367 1307 ingenia,
397 1213 568 1284 Ciceronis
595 1207 705 1284 labori
741 1223 775 1284 et
802 1212 916 1284 studio
942 1213 1089 1286 nimium
1118 1213 1230 1286 detra-

208 1335 347 1408 hamus.
366 1336 537 1432 Equidem
554 1348 669 1409 orator
685 1338 816 1433 impetu
832 1339 965 1433 poetico
989 1361 1060 1410 non
1083 1336 1230 1412 sublime

193 1463 355 1557 rapitur,
377 1486 446 1534 non
463 1463 614 1560 ingenito
631 1463 746 1535 lurore
764 1462 928 1536 divinitus
945 1463 1095 1535 calescit.
1115 1465 1231 1547 Quum

211 1597 341 1672 autem,
360 1587 466 1659 verba
482 1588 608 1684 quibus
625 1590 734 1662 utitur
750 1599 783 1660 et
799 1589 954 1686 linguam
974 1588 1155 1686 diligenter
1173 1599 1232 1659 at—

209 1709 376 1798 tendens,
394 1711 486 1809 apud
499 1713 598 1784 illum
615 1687 768 1810 tingendi
780 1733 918 1808 quoque
928 1735 1049 1784 versus
1062 1713 1232 1783 rationem

212 1846 246 1906 et
277 1837 420 1909 modurn
448 1836 616 1909 candidus
642 1836 750 1934 judex
779 1836 1044 1922 animadvertis,
1070 1844 1145 1934 jam
1172 1835 1231 1907 illa

211 1959 344 2054 poesis,
363 1981 468 2054 quam
487 1958 685 2030 fastidiosus
705 1969 925 2030 contemnere
949 1958 1116 2054 parabas,
1141 1981 1231 2031 nova

210 2081 362 2178 quadam
388 2083 500 2178 specie
523 2082 695 2179 legentem
713 2083 862 2168 detinet,
885 2083 970 2178 quin
989 2084 1094 2154 etiarn
1113 2083 1231 2154 admi·
1344 2089 1348 2098 '

209 2209 342 2279 ratione
359 2207 526 2279 nonnulla
537 2205 703 2303 percellit.
725 2206 814 2279 lllud
832 2205 1026 2278 obsoletum
1043 2218 1077 2278 et
1095 2218 1230 2304 agreste

208 2329 332 2430 liuguae
358 2331 578 2416 vetustioris,
610 2331 724 2426 poesis
755 2329 993 2425 sermonisque
1022 2329 1164 2402 confusa
1194 2341 1229 2402 et

207 2455 322 2527 adhuc
338 2454 509 2553 indigesta
526 2455 728 2552 permistio,
747 2451 932 2526 verborum
947 2452 1082 2550 pondus
1101 2465 1135 2526 et
1154 2464 1230 2525 tar-

208 2579 318 2664 ditas,
339 2590 373 2650 et
396 2601 506 2676 graeeo
531 2601 627 2652 more
654 2601 761 2676 prava
789 2581 1013 2676 compositio,
1038 2579 1229 2677 figurarum

208 2696 360 2770 luxuries
377 2710 412 2770 et
428 2701 593 2785 ambitio,
613 2712 803 2796 ceteraque
818 2703 1038 2796 superiorum
1053 2704 1138 2774 vitia
1154 2725 1230 2798 quat

207 2833 363 2918 repetere
380 2824 565 2896 molestum
587 2825 651 2909 sit,
676 2823 737 2895 ubi
758 2824 899 2896 tandem
922 2827 959 2896 in
977 2826 1042 2897 hac
1058 2828 1230 2898 Ciceronis

207 2949 361 3020 oratione
374 2948 513 3020 mollius
525 2949 661 3022 exculta
675 2947 883 3046 supersunt?
896 2951 996 3035 Quod
1009 2975 1118 3048 mum
1130 2977 1228 3050 aquo

201 3078 281 3168 jure
294 3072 533 3170 perpenditur,
551 3097 684 3160 nonne,
700 3074 832 3171 pudore
847 3075 1018 3172 quodam,
1035 3077 1072 3148 in
1087 3076 1226 3150 landem

205 3197 375 3292 vituperia
396 3208 553 3284 vertens,
573 3200 752 3296 ingenium
774 3201 874 3272 Tullii
892 3201 1045 3274 vereris‘l
1069 3205 1113 3275 Ut
1133 3205 1224 3274 enirn

204 3321 289 3395 illas.
300 3323 440 3410 sordes,
459 3323 557 3395 illum
577 3325 793 3420 squalorem,
813 3325 899 3398 illud
918 3329 1052 3398 senium
1069 3329 1106 3398 in
1125 3351 1225 3400 mun-

205 3445 312 3533 dum,
343 3446 489 3521 nitidam
516 3461 550 3521 et
574 3456 649 3547 jam
677 3449 860 3524 florentem
887 3454 1002 3548 poesis
1031 3452 1223 3528 ubertatem

206 3571 378 3660 muneret,
394 3585 523 3670 quanto
535 3575 661 3646 mentis
673 3577 849 3662 acumine,
865 3598 934 3672 qua
946 3576 1141 3675 diligentia,
1155 3603 1223 3676 quo

205 3689 332 3763 sudore
346 3719 416 3766 non
430 3695 481 3768 illi
493 3696 558 3768 tuit
575 3695 685 3794 opus?
700 3696 806 3769 Nobis
824 3697 966 3794 quidem
980 3709 1014 3769 et
1030 3711 1122 3772 recte
1132 3701 1225 3798 judi-

205 3817 297 3887 canti
326 3816 466 3889 cuilibet
495 3818 561 3890 hoc
587 3831 694 3892 tanta
717 3821 818 3892 molis
840 3819 1040 3894 habendum
1064 3835 1135 3910 est,
1160 3837 1219 3909 ut,

205 3961 313 4034 quum
324 3944 419 4040 operi
434 3967 471 4014 se
480 3944 617 4042 juvenis
630 3955 665 4014 et
677 3945 928 4041 propemodum
940 3969 1026 4042 puer
1038 3948 1221 4020 accinxerit

206 4062 342 4150 Cicero,
363 4079 397 4136 et
411 4068 565 4142 studium
580 4067 624 4140 ad
643 4079 854 4142 senectutem
872 4093 982 4166 usque
994 4070 1217 4166 perduxerit,
