2954 4776
608 367 646 380 -
671 336 729 396 ll'l
753 369 792 382 -·

257 463 345 540 Quod
355 467 391 528 'st
404 471 474 530 anta
489 466 580 548 penes
594 485 683 530 nemo
696 471 811 549 spectat
826 488 834 528 ι
849 469 915 530 coeli
928 473 1079 532 scrutatur
1091 471 1205 551 plagas.

192 648 356 733 Quamvis
373 649 466 722 enim
480 623 781 722 Democritumssita
801 652 917 724 Cicero
932 625 1081 726 laudet:
1105 682 1121 722 ι
1136 657 1210 726 De-

191 772 356 843 mocritus
376 783 494 844 tamen
514 796 584 844 non
604 773 726 844 inscite
746 784 909 870 nugatur,
929 787 969 847 ut
986 775 1170 874 physicus,
1188 803 1204 843 ›

190 919 312 967 versus
345 897 457 992 specie
493 896 585 994 apud
614 898 813 970 Ciceronem
843 899 982 972 insolita
1019 909 1055 972 et
1085 898 1210 972 duritie

190 1019 420 1092 conturbaris.
950 1018 955 1028 '

238 1145 370 1214 Rursus
404 1142 619 1230 confideres,
656 1144 706 1216 ita
744 1155 979 1241 pramoncnle
1016 1145 1209 1218 Cicerone:

196 1267 297 1338 «Hoc
321 1265 415 1339 idem
432 1267 603 1365 significat
625 1292 756 1366 graecus
775 1268 833 1340 ille
849 1269 886 1340 in
905 1293 982 1342 eam
1005 1269 1211 1340 sententiam

190 1409 311 1459 versus
331 1386 380 1485 (1)
398 1413 408 1460 t

233 1608 321 1684 Quod
334 1610 398 1676 iore
414 1617 555 1694 paralum
572 1619 637 1689 est,
657 1615 687 1676 id
703 1619 1035 1696 summnmcxsnperal
1048 1613 1166 1676 lovem.

192 1819 301 1916 Magis
316 1891 318 1896 ,
332 1821 437 1892 etiam
471 1823 695 1920 interpretem
733 1827 769 1897 in
799 1824 864 1897 hoc
894 1826 1111 1921 suspicamur
1133 1823 1212 1922 (2):

337 2041 442 2107 Vitam
457 2047 535 2120 regit
548 2044 687 2120 fortuna,
703 2064 764 2108 non
778 2047 944 2125 sapientia;

197 2273 306 2348 quum
336 2273 358 2322 a
386 2251 548 2324 Cicerone
591 2275 661 2324 non
700 2251 880 2324 obscurius
920 2251 1171 2324 admoneamur
1204 2276 1213 2323 :

199 2400 215 2440 ι
230 2373 381 2444 Venator
397 2370 491 2444 idem
506 2372 762 2471 Theophrastus
778 2374 814 2445 in
833 2371 930 2445 libris
945 2383 980 2446 et
997 2373 1123 2446 scholis
1144 2398 1216 2446 om-

194 2496 291 2568 nium
306 2495 610 2593 philosophorum,
626 2495 718 2594 quod
735 2471 771 2569 in
790 2498 969 2568 Callisthene
987 2521 1050 2569 suo
1066 2495 1216 2568 laudarit

196 2618 289 2690 illam
303 2621 523 2692 sententiam.
548 2648 564 2688 ›
588 2623 628 2691 In
645 2644 713 2716 qua
728 2620 968 2693 transferenda
981 2621 1093 2719 magis
1111 2622 1215 2692 ctiam

196 2765 334 2840 pressus
348 2766 453 2839 quam
468 2741 692 2827 Chaeremon,
712 2754 782 2818 aut.
793 2743 906 2838 quivis
923 2741 1026 2826 alius,
1045 2743 1215 2837 interpres

196 2866 411 2939 obversatur.

244 2992 283 3060 In
314 2990 380 3062 hoc
410 2987 579 3086 Apollinis
614 2987 753 3060 oraculo
798 3011 919 3060 rursus
954 2987 1087 3060 haerere
1116 2986 1215 3085 cogi-

196 3136 275 3184 mur
296 3111 374 3210 (3):

297 3310 435 3390 Spartam
451 3313 535 3374 nulla
548 3330 597 3382 re,
615 3313 673 3373 nisi
688 3309 829 3385 avaritia,
845 3314 1024 3391 perituram.

246 3497 399 3571 Ciceroni
418 3496 559 3570 tandem
576 3497 789 3593 adscriptum
806 3497 1000 3569 invenimus
1022 3493 1071 3591 (l)
1093 3520 1110 3568 z.

234 3769 271 3840 (l)
286 3770 324 3828 De
336 3767 444 3835 divin„
458 3769 478 3828 l.
492 3773 524 3839 2,
541 3775 585 3826 ll).
790 3819 793 3826 .

234 3867 271 3937 (2)
287 3864 406 3930 Tuscul„
422 3868 448 3934 5,
464 3868 492 3923 9.
509 3864 549 3922 Cf.
566 3864 635 3922 Plut.
651 3863 689 3919 De
702 3861 833 3936 fortanus,¹
844 3876 870 3933 p.
886 3862 930 3916 97.

235 3960 554 4040 (atneoffiuaarr.
955 3947 959 3956 ’

236 4056 273 4125 (t)
287 4056 403 4126 Nonius,
418 4053 468 4112 snb
479 4055 572 4113 vocab.
584 4055 658 4110 nitet.
