2966 4776
633 325 794 384 ...55-

180 497 185 514 =
206 460 441 558 presentiam
466 469 501 534 et
522 459 559 533 in
579 459 748 555 poematis
764 456 996 532 humilitatem
1020 454 1217 538 adscribas,

206 584 322 662 etheo
339 581 443 658 modo
458 583 632 660 disseras:
650 607 759 679 quum
774 605 914 679 prosam
930 581 1120 654 orationem
1138 579 1218 652 scri-

205 705 288 783 bere
307 709 425 782 Cicero
441 707 673 791 consueverit,
694 718 729 781 et
744 706 897 780 numeris
914 706 1057 782 effusius
1076 716 1110 777 et
1128 704 1197 778 libe

205 832 278 907 rius
290 831 487 927 exspatiari,
499 831 556 904 rix
567 830 782 906 adstrictiore
793 829 896 906 modo
907 840 1220 925 coercetur,quurn

204 953 439 1051 telutpedicis
456 965 598 1051 eaptus,
617 953 837 1051 ingravescit,
854 952 1008 1038 anhelat,
1025 953 1147 1048 spiritu
1160 950 1218 1024 de·

205 1075 343 1154 licitur?
360 1079 438 1152 Haeo
455 1089 571 1154 autem
596 1077 769 1154 conclusio
785 1076 1010 1162 claudicaret;
1028 1087 1219 1150 metrorum

206 1202 300 1274 enim
322 1227 390 1276 usu
407 1227 478 1275 non
497 1201 682 1274 destitutus
706 1203 823 1275 Cicero
850 1202 983 1298 poesim
1007 1199 1220 1298 aggreditur,

204 1351 314 1424 quum
330 1327 455 1424 puerili
468 1335 543 1426 jam
561 1339 595 1401 et
607 1326 752 1426 juvenili
779 1327 1020 1404 exercitatione
1046 1325 1220 1422 poeticum

206 1475 404 1530 sermonem
429 1453 634 1538 excoluerit,
656 1465 691 1526 et
707 1454 744 1527 iu
760 1477 800 1526 eo
816 1475 981 1550 prospero
997 1475 1087 1547 saepe
1101 1473 1224 1522 verse·-

206 1587 264 1652 tur
277 1587 416 1652 eventu.

183 1751 185 1760 ·
255 1702 338 1786 Quae
355 1725 437 1778 raro
454 1712 536 1776 sunt
554 1702 709 1776 earmina
728 1701 923 1785 Ciceronis,
944 1700 981 1770 in
1004 1697 1154 1794 quibus,
1177 1695 1223 1768 ad
1327 1737 1330 1748 ι

206 1828 397 1902 orationem
414 1827 622 1923 respiciens,
636 1850 718 1902 eum
732 1850 769 1901 se
783 1828 858 1922 ipso
875 1850 946 1902 uon
964 1825 1162 1898 inferiorem
1174 1823 1229 1893 in·

206 1949 368 2026 veneris?
381 1953 457 2026 lam
474 1949 657 2026 ostendere
674 1951 789 2026 eonati
801 1974 945 2035 sumus,
962 1949 1120 2046 proprios
1132 1947 1230 2021 illius

205 2097 328 2152 versus
343 2099 413 2150 uon
428 2099 531 2172 posse
557 2074 601 2148 de
627 2076 761 2172 poetica
785 2076 913 2150 virtute
931 2099 1012 2148 cum
1028 2075 1227 2148 orationum

206 2198 697 2296 magnificentia‘contendere.
715 2200 833 2284 Quum
846 2210 965 2274 autem
976 2198 1079 2274 certis
1093 2199 1226 2272 Greco-

204 2346 284 2396 rum
301 2323 449 2421 ingeniis
473 2324 663 2400 immorans
684 2335 720 2398 et
739 2323 904 2409 studens,
925 2322 1006 2398 illos
1023 2321 1222 2404 emulatur,

206 2457 240 2520 et
257 2447 302 2522 ud
319 2447 465 2523 aliorum
487 2450 715 2524 imitationem
735 2460 796 2524 aut
813 2448 1076 2524 translationem
1101 2470 1139 2519 se
1161 2469 1231 2516 are--

206 2573 331 2668 cingit,
352 2573 444 2648 illius
461 2563 570 2650 oratio
589 2575 707 2650 statim
717 2576 898 2660 excitetur,
912 2574 1052 2646 calescit
1062 2585 1097 2647 et
1110 2596 1230 2645 assur--

207 2716 290 2790 gare
303 2695 452 2770 videtur.
473 2700 578 2795 Cujus
605 2699 816 2774 discriminis
842 2724 915 2772 una
935 2699 1078 2784 subest,
1099 2705 1165 2795 utj

209 2815 377 2903 diximus,
404 2843 528 2906 causa,
551 2845 627 2917 qum
642 2823 874 2898 verisimiliter
900 2825 1079 2898 afferatur.
1109 2825 1225 2907 Quum

208 2944 480 3042 oratoretgloria
487 2956 625 3022 tumens
636 2948 1088 3044 poeticamexeroetCicero,
1097 2947 1228 3045 ingenii

205 3080 332 3151 natura
341 3095 410 3167 quo
419 3072 601 3168 precellit,
620 3075 656 3146 et
669 3074 776 3150 enimi
789 3075 998 3171 pervicacia,
1017 3099 1094 3171 que
1109 3074 1225 3146 minus

208 3217 288 3270 cum
298 3197 393 3292 poesi
407 3199 597 3280 consentit,
617 3198 794 3295 abreptus,
814 3200 965 3298 poeticas
978 3199 1137 3282 virtutes,
1152 3197 1226 3292 qni-

207 3319 274 3396 bus
294 3347 456 3419 quoque,
475 3323 537 3400 sed
560 3325 696 3400 minore
716 3324 828 3423 gradu
844 3326 957 3422 viget,
976 3325 1014 3400 iu
1028 3323 1226 3394 inferiorem

208 3448 402 3523 necessario
414 3447 529 3524 locum
547 3448 696 3548 ablegat.
713 3450 812 3524 Unde
829 3450 870 3521 fit
883 3460 923 3521 ut
936 3451 973 3520 in
983 3473 1023 3520 eo
1033 3447 1178 3519 facultas
1192 3459 1227 3519 at

209 3570 406 3643 inveniendi
421 3582 455 3643 at
473 3571 689 3670 excogitandi
703 3573 803 3669 quasi
819 3571 1067 3668 restinguatur,
1080 3593 1229 3667 oppres-

209 3715 317 3789 saque
330 3701 462 3792 jaceat,
481 3708 516 3771 ct
531 3698 609 3794 ipsa
625 3697 795 3772 sermonis
811 3697 935 3793 poetici
957 3697 1010 3768 vis
1028 3696 1222 3780 hebetetur,

210 3825 335 3917 atejus
356 3819 422 3896 llos
450 3833 602 3896 exareat.
634 3822 700 3898 Ubi
717 3846 798 3896 vero
823 3823 976 3919 primum
993 3833 1167 3895 oratorem
1190 3832 1225 3892 et

209 3937 385 4017 homiuem
396 3946 449 4019 sui
461 3947 704 4030 amantiorem,
717 3947 913 4044 argumenti
924 3947 1128 4020 necessitate
1140 3967 1224 4040 qua·

211 4061 311 4150 dam,
333 4090 459 4145 exuere
474 4071 607 4169 cogitur
623 4127 631 4155 ‚
655 4081 688 4144 et
702 4070 992 4167 propriapoctios
1008 4067 1152 4144 consilia
1168 4065 1226 4138 de·
