2954 4776
607 311 789 369 -101-

192 440 356 525 vertisse,
382 439 457 512 hacc
485 438 674 512 doctissimi
690 441 755 513 viri
781 440 949 515 dubitatio
974 432 1075 516 Nonii
1100 439 1180 515 testi

192 567 307 638 monio
333 565 546 651 confirmari;
573 565 629 638 hic
649 567 742 638 enim
765 567 830 640 sub
846 568 951 640 verbo
975 569 1201 655 texendam,

192 686 311 760 laudat
329 689 436 761 Cicer.
463 691 585 771 Acad,
605 688 630 760 l.
651 691 696 774 3,
717 700 751 761 et
778 693 924 776 Torret,
951 690 975 762 l.
1005 694 1038 776 l;
1060 692 1204 762 minime

192 837 275 886 vero
295 816 437 894 Torret„
457 814 482 886 l.
503 819 547 900 2,
568 786 615 887 8,

243 939 312 1012 Nos
333 961 414 1012 vero
429 940 593 1037 Scaligcri
614 940 863 1037 suspicionem,
886 951 920 1013 et
940 943 1078 1039 gravius
1103 941 1205 1013 Nonii

194 1061 389 1149 silentium,
408 1065 610 1137 auctoritate
627 1077 721 1137 certa
742 1065 952 1138 refellimus:
974 1066 1206 1138 «Decolorem

146 1171 149 1178 ⁴
192 1212 256 1284 pro
272 1191 345 1260 sine
363 1190 495 1276 colore,
517 1191 566 1262 ait
583 1190 775 1278 Charisins3
794 1193 935 1265 Cicero:
957 1195 1205 1264 Tusculanarum

193 1311 358 1397 secundo,
371 1337 480 1408 quum
492 1313 674 1388 Herculem
686 1313 784 1387 daret
800 1315 1081 1414 ingemiscentem
1098 1315 1163 1413 (1).
1184 1343 1200 1383 s

242 1437 428 1509 Auctorem
444 1439 550 1537 igitur
563 1440 783 1525 Ciceronem,
803 1464 873 1513 non
890 1441 1023 1513 Attium
1043 1441 1086 1515 de
1101 1441 1207 1514 verbo

198 1560 427 1635 «decolorem
451 1591 467 1631 r
487 1563 663 1638 Charisius
679 1564 840 1662 protulit;
868 1576 902 1638 et
929 1567 1044 1663 reipsa
1069 1568 1105 1637 in
1131 1566 1206 1638 loco

197 1684 227 1752 T
223 1687 320 1756 umal.
341 1684 481 1758 laudato
497 1687 648 1784 reperire
666 1699 719 1760 ost
740 1714 749 1760 z
1153 1675 1154 1680 ¹

229 1955 235 1966 ‘
275 1879 342 1940 lam
358 1881 527 1942 decolorem
543 1884 721 1956 sanguinem
735 1901 856 1946 omnem
868 1885 1031 1946 exsorbuit.

244 2065 301 2136 Lis
323 2087 403 2163 ergo
419 2041 493 2163 jam
518 2063 614 2136 nulla
637 2063 788 2162 pendere
811 2064 960 2139 videtur.
976 2063 1106 2137 'Notula
1130 2087 1211 2136 vero

195 2189 412 2262 Lindemann
426 2191 610 2263 interfatur
631 2216 640 2263 ι
661 2219 677 2259 r
697 2193 802 2276 Quum
831 2193 995 2262 Herculem
1015 2193 1103 2261 daret
1120 2193 1213 2281 inpe-

195 2315 365 2383 miscentem
385 2341 400 2381 r
425 2314 462 2384 in
485 2312 553 2385 edd
579 2337 630 2386 or.
655 2311 746 2385 male
768 2313 817 2386 sic
844 2312 972 2408 s'cripte
989 2321 1090 2395 sunt,
1111 2311 1211 2405 quasi
1307 2407 1309 2411 Ι

195 2437 367 2510 Ciceronis
404 2449 549 2521 essent3
584 2449 747 2511 caeterum
782 2461 844 2533 pro
874 2440 962 2506 daret
995 2435 1069 2507 sine
1103 2432 1209 2506 dubio

197 2563 419 2636 scribendum
441 2566 567 2643 diceret;
589 2575 624 2636 et
641 2587 704 2660 pro
729 2565 969 2656 inpomisccotem
991 2563 1028 2633 in
1053 2560 1142 2634 codd
1160 2571 1214 2632 est

196 2691 452 2780 iapcmesceatem.
474 2717 490 2755 r

246 2811 346 2896 Quod
364 2811 421 2883 hic
440 2811 588 2908 pertinet
606 2810 651 2883 ad
668 2809 795 2882 lineam
815 2807 928 2880 verbis
946 2807 1037 2880 male
1056 2807 1213 2881 subduc-

189 2946 288 3021 tam,
315 2948 350 3008 et
374 2936 418 3009 ad
438 2935 720 3034 ingemiscentem
739 2956 801 3030 pro
824 2961 839 3000 r
859 2933 1170 3030 ingemescentem,
1191 2960 1208 3000 a

198 3071 317 3133 nostra
344 3063 487 3133 minime
513 3060 630 3132 refert.
652 3059 858 3132 Mutandum
878 3069 995 3131 autem
1010 3061 1098 3129 deret
1117 3058 1154 3128 in
1166 3059 1214 3128 eli·

197 3201 293 3270 erret,
312 3185 405 3282 quod
430 3186 547 3258 critico
573 3184 724 3280 placuit,
750 3207 814 3255 nos
841 3182 982 3278 quidem
998 3206 1068 3256 non
1086 3205 1214 3254 conce-

196 3309 325 3382 dimus.
350 3312 482 3383 Nonius
504 3311 596 3382 enim
625 3308 690 3380 snb
710 3308 815 3380 verbo
834 3311 939 3378 clare:
964 3335 981 3374 e
1001 3310 1113 3389 Dare,
1138 3307 1208 3391 ait,

198 3440 364 3507 ostendere.
392 3466 408 3504 r
1248 3523 1249 3528 ἵ

248 3563 309 3633 His
325 3560 405 3632 licet
420 3562 563 3632 minutis
579 3562 818 3644 immoramur,
837 3583 903 3642 ne,
926 3555 1019 3655 quod
1036 3556 1213 3628 afferimus

199 3685 344 3758 Charisii
362 3686 620 3770 testimonium,
639 3684 753 3757 verbis
776 3684 937 3757 omnibus
954 3707 1024 3757 non
1045 3684 1213 3756 intactum

200 3820 235 3882 et
247 3810 420 3906 integrum
438 3818 651 3905 permaneat.

238 4071 274 4137 (t)
293 4067 468 4139 Lindemann,
481 4083 508 4127 r.
524 4072 551 4127 t.
565 4068 726 4139 choristas,
738 4067 758 4124 l.
774 4069 808 4136 2,
821 4066 838 4138 8
852 4067 895 4137 la,
909 4082 936 4138 p.
951 4069 1011 4124 447.
