2994 4774
584 343 748 402 ...pp...

155 485 269 572 potest
296 471 464 547 inveniri?
489 474 607 570 Specie
634 473 776 570 quidem
804 472 903 546 nihil.
933 475 1064 547 Revera
1090 475 1173 572 quid

156 599 315 692 intersit„
327 598 560 670 attendamus.
580 599 625 669 lis
646 599 740 670 enim
756 596 878 670 eadem
897 608 1022 670 natura
1036 621 1106 670 non
1122 600 1175 669 ina

155 723 271 820 genita
288 721 437 809 videtur,
467 745 615 819 quorum
632 722 801 795 absimilis
830 733 882 794 est
910 723 1075 808 effeetus,
1096 747 1174 819 quae

154 845 200 918 ad
225 846 333 918 finem
359 846 609 919 alienissimum
636 847 799 920 evadunt.
820 848 1030 919 {aventionis
1056 859 1173 920 autem

154 971 311 1042 oratoria
327 971 404 1066 quis
420 981 474 1041 est
493 971 654 1057 effectus,
675 973 752 1068 quis
770 969 872 1042 linis?
885 1013 933 1026 —
947 972 1169 1044 Convimere.

154 1091 221 1175 Qui
245 1112 325 1165 vero
348 1089 487 1189 poesis?
508 1133 556 1146 -
579 1091 847 1166 Pulchritudinis
866 1093 1014 1192 effigiem
1041 1095 1174 1166 exscri-

152 1211 247 1286 bere.
264 1216 355 1286 Num
366 1238 448 1287 vero
464 1211 565 1286 nobis
578 1226 660 1288 sunt
672 1215 830 1314 ejusdem
843 1217 979 1314 generis
993 1218 1174 1313 persuasio

153 1348 188 1410 et
213 1337 480 1434 pulchritudinis
505 1337 745 1412 adumbratio?
765 1342 810 1412 Ut
836 1340 942 1437 igitur
969 1340 1110 1413 effectus
1138 1352 1173 1412 et

151 1462 252 1548 finis,
271 1463 320 1535 ita
343 1487 455 1536 causa
471 1475 678 1562 repugnant.
700 1466 856 1538 Iuventio
874 1464 1009 1560 poetica
1024 1464 1068 1536 ab
1087 1487 1172 1537 ora-

152 1590 240 1662 toria
265 1591 471 1689 sejungitur,
490 1615 598 1688 quum
622 1590 696 1663 haec
714 1615 734 1662 a
755 1590 898 1663 scientie
916 1590 1089 1687 quadam,
1111 1590 1171 1662 illa

151 1739 233 1788 vero
250 1715 294 1788 ab
313 1727 386 1788 erte
402 1740 504 1788 suem
523 1718 692 1815 originem
711 1700 857 1813 repetat.

200 1840 350 1925 Quodsi
375 1853 491 1915 autern
514 1841 695 1938 paululum
716 1865 737 1913 a
760 1843 817 1914 via
841 1840 1023 1927 recedens,
1047 1840 1108 1913 sed
1127 1839 1171 1912 ad

153 1961 274 2034 eadem
298 1974 476 2060 spectans,
496 1989 567 2036 non
583 1965 716 2059 poesim
733 1963 870 2050 adhuc,
890 1964 951 2036 sed
969 1966 1064 2062 poesi
1083 1989 1171 2062 pro—

151 2087 254 2160 xima*
269 2088 429 2185 quadam
450 2089 488 2158 in
513 2088 685 2159 Ciceronis
702 2087 864 2182 operibus
882 2088 1067 2186 relegeris,
1091 2088 1173 2162 dia-

131 2213 248 2311 logos
265 2213 443 2299 videlicet,
462 2214 523 2311 qui
547 2213 591 2285 ad
615 2212 804 2286 maximam
833 2212 1031 2287 dramaticae
1056 2216 1171 2310 poesis

152 2337 414 2411 similitudinem
427 2337 613 2424 accedunt,
623 2344 699 2436 jam
711 2348 925 2434 compertum
940 2357 1015 2408 esse
1029 2337 1167 2433 poterit,

151 2475 321 2560 quantum
334 2464 523 2537 inventioni
539 2464 681 2560 poetica
695 2461 867 2558 discrepet
881 2461 1043 2534 oratoria.

199 2588 306 2660 Nobis
322 2589 427 2686 igitur
440 2590 555 2660 animo
567 2588 740 2685 fingamus
753 2587 946 2684 ingenitam
958 2585 1065 2658 fuisse
1079 2585 1171 2658 Cice·

153 2714 229 2782 roni
254 2712 358 2807 paulo
383 2717 551 2809 majorem
574 2711 771 2783 inveniendi
796 2710 928 2805 poetice
953 2709 1166 2781 facultatem.

152 2837 228 2907 Jam
254 2833 346 2906 illius
373 2835 409 2904 in
437 2834 597 2906 liberiore
623 2834 770 2904 materia
791 2843 951 2904 versatur
974 2833 1166 2930 ingenium.

153 2961 188 3032 Si
206 2960 299 3032 enim
319 2957 564 3031 convincendis
587 2957 691 3029 etiam
709 2955 834 3028 animis
856 2955 1007 3028 inventio
1031 2955 1167 3041 studet,

151 3107 221 3157 non
247 3084 395 3170 iisdem,
425 3082 550 3181 quibus
578 3082 794 3179 eloquentia,
828 3092 1004 3154 coercetur
1033 3105 1171 3180 angus-

151 3209 228 3293 tiis;
248 3207 369 3280 latiore
382 3207 551 3279 curriculo
568 3207 754 3304 circumagi
768 3216 901 3303 potest,
918 3216 952 3277 et
966 3206 1169 3303 ampliorem

152 3334 219 3406 arti
233 3333 351 3406 locum
365 3332 565 3406 concedere.
584 3334 692 3404 Scene
705 3329 864 3428 quadam
882 3332 1048 3426 aperitur,
1064 3330 1170 3424 expli-

151 3469 251 3532 catur
264 3459 374 3543 actio,
391 3479 497 3555 quam
512 3456 633 3528 habitu
652 3465 686 3526 et
698 3455 836 3552 ingenio
854 3453 998 3525 diversis
1012 3475 1168 3548 personat

150 3591 331 3682 peragant.
360 3583 440 3654 Hac
457 3581 542 3652 artis
568 3579 685 3652 omnia
703 3589 803 3663 sunt;
824 3577 861 3648 in
882 3576 946 3648 his'
959 3574 1038 3648 licet
1056 3597 1169 3672 appa-

152 3718 226 3779 reat
244 3706 385 3792 artilerr,
405 3707 434 3778 si
456 3705 559 3778 modo
578 3704 633 3776 his
654 3703 800 3800 dialogis
826 3701 948 3774 artifex
963 3709 1116 3772 mentem
1134 3711 1169 3774 et

152 3833 307 3904 animum
321 3832 486 3929 inspiret,
506 3831 536 3904 si
553 3855 623 3902 non
638 3829 682 3902 ab
700 3827 898 3901 inventione
911 3827 1045 3924 poetica
1064 3827 1169 3898 nimis

153 3953 285 4028 alienus
299 3953 479 4026 exstiterit.

200 4077 368 4175 niatogos.
391 4089 507 4150 autem
536 4073 707 4150 Ciceronis
742 4071 910 4146 memoria
936 4070 1171 4145 revolvamus..
