2954 4776
701 353 736 368 ..
761 324 823 385 10ss
846 358 881 368 ..

333 455 480 530 Multum
497 456 603 553 igitur
627 453 726 533 abest
750 466 790 528 ut
807 455 963 541 Attium,
983 458 1151 553 quamuis·
1163 459 1305 532 animo*

285 605 364 652 sum
379 593 414 654 et
429 579 557 666 altum,
573 578 618 652 ad
633 579 722 652 hanc
738 578 878 654 leudem
891 581 1042 654 evasisse
1057 582 1301 656 concedamus.

282 705 386 802 Apud
402 702 501 776 illum
517 703 654 802 singula
671 705 813 800 reperiri
832 716 997 802 possunt,
1020 729 1096 802 quae
1115 708 1204 779 miro
1222 732 1306 803 quo

285 829 368 902 dam
383 829 505 901 decore
521 827 744 925 splendeant,
765 840 798 900 et
818 829 1016 903 Ciceronem
1032 833 1138 904 etiem
1153 856 1307 929 exsupe—

285 963 386 1037 rent;
413 962 453 1024 ut
480 963 596 1024 eutem
615 951 701 1023 illud
730 953 844 1048 poesis
858 959 933 1050 jam
951 965 1133 1026 maturum
1143 955 1251 1028 robur
1270 968 1306 1030 et

286 1076 352 1149 sibi
365 1087 582 1150 constantem
595 1088 629 1148 et
645 1101 782 1173 aequam
797 1080 966 1151 sermonis
984 1079 1189 1178 dignitatem
1209 1081 1307 1154 obti-

286 1215 384 1276 neret
402 1226 622 1299 nequaquam
638 1202 689 1274 illi
707 1203 869 1300 contigit.

335 1330 434 1400 Nunc
451 1328 557 1426 igitur
581 1327 769 1412 ecunctis‚
802 1350 879 1422 quae
903 1327 1044 1422 quidem
1067 1327 1307 1427 collegerimus

287 1454 502 1538 testimonia,
522 1451 606 1548 quid
623 1462 780 1525 constare
803 1449 962 1524 videtur?
980 1455 1159 1549 Perspecto
1184 1453 1307 1551 gram-

287 1579 492 1651 maticorum
501 1576 582 1662 lide,
596 1600 765 1672 perpensa
775 1577 947 1649 Ciceronis
959 1576 1067 1673 ipsius
1081 1579 1305 1664 auctoritate,

287 1704 380 1776 illius
406 1701 547 1774 tandem
570 1711 604 1772 et
619 1701 705 1772 Attii
724 1702 878 1774 oratione
903 1701 1046 1787 collata,
1067 1701 1166 1774 uobis
1184 1702 1309 1774 saltem

167 1917 170 1922 Α
288 1826 510 1898 manifestum
534 1836 587 1896 est
612 1824 886 1923 fragmentorum
905 1826 1127 1922 interpretem
1145 1851 1215 1898 non
1233 1833 1308 1925 jam

288 1950 490 2050 ambiguum
510 1974 598 2022 esse.
621 1952 670 2021 De
692 1949 870 2046 Sophoclis
895 1949 969 2022 loco
992 1951 1184 2047 praesertim
1201 1950 1311 2024 dubi-

288 2087 420 2148 tantem
439 2076 650 2174 Scaligerum
667 2075 843 2148 Charisius
862 2075 1039 2148 affirmans
1052 2074 1188 2148 refellit.
1206 2076 1311 2172 Equi·

288 2201 369 2274 dem
393 2202 484 2273 inter
499 2203 650 2273 Nonium
678 2212 712 2273 et
728 2200 939 2272 Arusianum
958 2203 1131 2287 Messum,
1152 2201 1309 2300 AEschyli

179 2331 180 2336 ’
288 2326 402 2401 locum
429 2327 663 2410 aestirnautes,
685 2324 870 2397 haeremus.
893 2327 1008 2410 Quum
1030 2337 1147 2399 autem
1165 2328 1252 2400 Attii
1276 2337 1311 2399 et

288 2453 461 2525 Ciceronis
489 2451 660 2546 poeticam
686 2449 894 2521 conferimus
921 2451 1134 2538 orationem,
1165 2451 1312 2527 dubita-

290 2575 383 2648 tione
401 2575 519 2646 minus
538 2583 739 2646 aestuamus.
760 2573 815 2644 Illi
831 2574 1050 2672 fragmento:

552 2777 727 2841 «Titanum
744 2778 876 2854 soboles,
897 2784 980 2842 etc.»

291 2979 356 3051 hoc
372 2981 409 3050 in
431 2983 612 3052 Tusculanis
631 2983 828 3077 proximum
844 3005 1118 3079 componemus:

495 3175 578 3239 Unde
592 3178 668 3251 iguis
681 3178 762 3239 cluet
775 3179 951 3240 mortalibus
964 3179 1043 3240 elam

497 3287 631 3364 Divisus;
646 3307 716 3348 eum
731 3288 827 3349 dictus
845 3288 1044 3350 Prometheus

493 3395 635 3475 Clepsisse
649 3396 735 3468 dolo,
752 3414 917 3475 poeuasque
932 3395 998 3457 lori

497 3504 571 3568 Fato
584 3505 757 3586 expendisse
770 3523 923 3587 supremo.

343 3697 432 3772 lllud
453 3699 653 3786 horridum,
676 3700 850 3772 Ciceronis
873 3700 967 3772 euim
990 3697 1105 3775 verbis
1130 3700 1181 3775 uti
1206 3698 1308 3784 licet,

293 3825 474 3898 Attianum
500 3849 582 3898 sanc
607 3847 804 3906 sermonem
822 3825 976 3898 redolere
997 3827 1139 3900 minime
1161 3849 1313 3925 negare-

295 3973 391 4036 mus;
410 3949 471 4022 sed
486 3941 627 4022 aricino
639 3949 832 4048 fragmento
846 3960 1015 4044 quantum
1025 3949 1205 4024 abhorret!
1221 3953 1310 4024 Istas

295 4072 435 4170 quidem
466 4095 566 4148 voees
597 4073 775 4148 vetustiori
807 4075 986 4148 Prometheo
1018 4097 1126 4172 quum
1163 4073 1311 4148 libenter
