2954 4776
581 329 761 388 -iffl-

158 470 229 534 tem
253 458 355 544 lande
380 460 454 544 sine
470 462 701 554 mntrcrcrsia
716 461 861 558 petitae.
883 461 1001 548 Quam·
1012 487 1057 536 ne
1069 463 1177 538 flocci
1259 484 1263 490 ·

154 584 346 672 faciemus,
377 583 722 666 animadvertendum
754 596 807 658 est
833 587 937 658 Ennii
963 610 1084 660 versus
1108 587 1178 661 he-

155 710 270 782 roicos
286 707 329 780 ab
345 708 548 786 iilomirum
561 708 598 780 in
613 707 758 782 modum
774 708 927 782 excultos
940 710 1046 782 fuisse
1063 766 1072 797 ,
1091 712 1178 786 Attii

155 855 296 907 musam
325 805 560 929 expolitiorcm
589 832 761 918 evasisse,
796 843 831 906 et
862 834 1009 906 Lucretii
1039 857 1178 932 quoque

156 979 268 1055 genus
284 981 307 1029 a
323 958 483 1035 Cicerone
502 957 676 1055 Georgicis
695 957 823 1032 futuris
837 959 1178 1058 paratum,.Virgilio

157 1082 272 1166 viam,
294 1092 333 1154 ut
354 1089 427 1181 jam
452 1081 545 1168 dixi,
566 1081 817 1179 praemuniisse.
846 1081 930 1156 Inde
957 1107 1061 1180 quem
1088 1084 1180 1158 inter

158 1217 280 1303 poetas
300 1206 427 1281 latinos
444 1207 494 1279 illi
512 1205 862 1305 gradumooncedam
879 1208 1092 1304 anquirere,
1108 1232 1179 1282 non

157 1331 311 1406 multum
332 1331 451 1417 abest,
478 1332 562 1429 quin
589 1331 736 1404 arbitrer
751 1333 926 1428 proximas
949 1333 1067 1405 nostro
1086 1332 1179 1404 Mal-

157 1455 266 1530 herbe
282 1457 380 1530 vices·
395 1456 445 1529 illi
468 1457 666 1554 contigisse.
684 1458 761 1552 an
780 1457 855 1553 pari
874 1456 1016 1554 quidem
1039 1458 1178 1556 ingenio

157 1581 270 1679 viget,
299 1581 360 1654 sed
386 1605 455 1654 non
479 1581 674 1654 absimilem
693 1604 835 1652 sensum
854 1592 888 1654 et
907 1578 1079 1680 judicium
1098 1605 1179 1654 scr-

158 1705 262 1790 titus,
288 1703 332 1775 ab
351 1705 504 1777 oratione
531 1704 644 1778 soluta
668 1706 839 1801 poeticam
866 1704 1052 1791 discernit,
1073 1705 1181 1778 verba

158 1828 365 1926 perpendit,
394 1829 516 1902 modos
550 1830 752 1920 concinnat,
783 1840 974 1902 metrorum
1005 1830 1180 1914 licentiam

159 1963 317 2038 coercet,
338 1963 372 2025 et
396 1952 618 2025 nascentibus
644 1951 755 2048 poetis
782 1955 950 2049 aptiorem
973 1953 1127 2052 linguam
1145 1964 1181 2026 et

159 2101 244 2173 opes
263 2077 450 2150 ministrat.

208 2199 315 2273 Nebis
337 2201 464 2298 igitur,
484 2223 553 2296 quo
578 2200 690 2295 possis
709 2201 859 2297 aequiore
873 2198 1004 2298 judicic
1024 2200 1181 2274 armins

159 2323 333 2396 Ciceronis
348 2305 539 2406 aetimare,
560 2325 792 2398 necessarium
809 2323 966 2408 ridetur,
985 2333 1029 2396 ut
1043 2325 1140 2421 prius
1158 2347 1181 2396 n

157 2457 263 2544 poeta
283 2470 452 2540 versuum,
470 2447 638 2534 artificem
656 2448 847 2525 discernes.
869 2450 950 2522 Hae⁴
964 2448 1180 2544 separatione

157 2591 236 2648 non.
248 2570 303 2640 usi
321 2567 518 2643 criticorum
538 2568 693 2665 plerique
709 2571 746 2642 in
764 2570 1180 2646 diversissimassenten-

131 2701 140 2712 ‘
161 2692 227 2766 tias
238 2692 367 2777 abiere,
377 2715 485 2788 quum
498 2691 556 2764 alii
570 2693 1181 2790 pessimum,eliipraestantissimum

161 2814 1181 2914 poetamCiceronemhabuerint.Quorumtestimoniestrio-

164 2941 227 3012 tim
243 2942 411 3039 attingere
427 2939 546 3023 liceat,
562 2951 597 3012 et
615 2939 731 3012 media
741 2940 864 3040 judicii
879 2939 1093 3047 viasaversas
1110 2941 1182 3038 opi·

160 3066 283 3138 niones
300 3089 517 3163 componere.
913 3149 916 3162 Ι

209 3189 344 3261 Leviter
371 3190 562 3264 attendenti
588 3214 652 3264 saa
679 3189 1055 3266 contradicerem
1075 3188 1180 3266 ullius

160 3303 331 3387 momenti
347 3297 469 3388 iecisse
484 3316 632 3389 videtur.
648 3317 747 3388 Nunc
764 3316 856 3386 enim
871 3315 942 3386 vim
959 3323 994 3384 et
1009 3311 1179 3408 impetum

159 3441 303 3514 omnino
323 3440 390 3514 sibi
406 3440 539 3527 deesse,
561 3442 689 3538 quippe
704 3441 765 3537 qui
780 3435 1033 3513 invitoscribat
1045 3438 1175 3523 animo,

160 3574 197 3636 et
213 3563 257 3636 ob
273 3566 392 3660 patriae
414 3576 545 3638 sortem
559 3564 772 3663 gravioribus
788 3563 879 3635 curis
898 3562 1046 3660 agitato,
1067 3560 1179 3634 decla·

159 3701 217 3764 rat
232 3690 298 3788 (1);
311 3715 404 3764 nunc
420 3691 506 3764 «illa
522 3693 651 3776 omnia,
670 3691 803 3787 inquit,
821 3687 909 3764 mihi
926 3687 1040 3786 magis
1048 3688 1177 3786 scripsi

160 3839 270 3913 quam
289 3816 420 3888 caeteris
442 3815 541 3912 (2).»

198 3999 236 4072 (t)
254 3999 294 4058 td
309 4000 445 4070 Quintum,
461 3999 481 4057 l.
496 4003 527 4066 ³,
542 3999 627 4072 Epist.
644 4001 670 4067 t,
684 4001 710 4054 t.
769 4025 770 4032 κ

200 4098 237 4168 (2)
256 4095 295 4154 td
310 4098 446 4166 Quintum,
461 4095 479 4153 l.
496 4099 528 4167 2,
543 4099 570 4152 9.
