2954 4776
354 502 393 570 ln
414 499 606 568 Truculento.

307 725 342 788 L.
371 728 405 797 l,
435 724 465 787 5.
490 720 593 784 Mento
607 737 758 782 summam
772 737 882 798 aquam
896 721 1060 794 attingens,
1078 723 1125 780 eto
1129 763 1193 782 .....

779 827 917 909 Sisyphu’
932 832 1032 890 versat

488 940 610 1013 Saxum,
628 939 738 999 sudans
751 939 883 1011 nitendo,
900 956 998 1016 neque
1010 938 1128 1028 proiicit
1144 938 1255 1000 hilum.

333 1082 373 1096 -
416 1049 468 1110 16.
490 1047 604 1108 Adsum
628 1051 719 1124 atque
743 1046 867 1108 advenio
890 1047 1080 1120 Acherunte,
1102 1048 1167 1120 rix,
1188 1049 1237 1107 via
1253 1051 1320 1108 atra

843 1229 847 1238 Ι
1094 1155 1198 1234 [atque
1210 1156 1318 1220 ardua.

332 1299 373 1312 -
414 1267 465 1326 20.
489 1266 586 1338 Argo,
604 1264 674 1340 quia
688 1265 791 1337 Argivi
803 1265 835 1324 in
846 1282 897 1336 ea,
915 1263 1020 1324 delecti
1034 1265 1142 1329 viri....

489 1373 643 1452 Europam
657 1373 842 1452 Libyamque
854 1391 947 1453 rapax
960 1375 1013 1434 ubi
1024 1375 1128 1442 dividit
1142 1373 1235 1436 unda..

333 1516 374 1530 -
414 1483 466 1542 2l.
490 1481 653 1542 Acherusia
669 1481 783 1560 templa
799 1481 860 1542 alta
873 1479 954 1542 Oroi.

332 1626 372 1639 -
413 1592 465 1652 28.
486 1590 548 1651 Sub
560 1609 614 1651 axe
624 1592 719 1668 posita
729 1591 766 1650 ad
775 1590 875 1651 stellas
885 1595 1010 1671 septem,
1022 1591 1103 1652 undo
1109 1588 1248 1663 horrifer,
1260 1594 1320 1654 eto.

329 1735 370 1746 -
412 1699 463 1761 35.
488 1700 632 1760 Adstante
645 1716 702 1777 ope
714 1699 868 1760 barbarica
872 1742 935 1759 .....

488 1807 561 1868 Ilaeo
574 1809 675 1868 omnia
688 1808 748 1868 vidi
762 1808 954 1870 inflammari.

332 1951 375 1972 —.
414 1918 465 1978 59.
488 1917 577 1980 Modo
589 1935 714 1996 pueros,
729 1919 818 1980 modo
829 1918 1044 1989 adolescentes,
1061 1918 1093 1976 in
1103 1934 1222 1976 eursua
1238 1920 1322 1990 tergo
1372 1963 1374 1968 ,

248 2003 250 2006 ¹
1135 2026 1321 2118 [insequens.

333 2169 373 2184 --
415 2137 467 2196 ll.
490 2135 575 2209 Vidi,
596 2136 697 2198 videre
710 2135 789 2213 quod
805 2153 853 2194 me
870 2151 954 2214 passa
967 2135 1133 2207 aegerrime.

836 2285 899 2302 .....
914 2243 999 2303 Prius

491 2354 592 2428 Quam
605 2353 676 2416 ierae
691 2353 888 2432 volucresque
892 2397 954 2414 .....

491 2464 558 2524 Neu
570 2463 712 2540 reliquias
724 2464 766 2523 sio
779 2481 861 2524 meas
873 2465 949 2536 siris,
964 2463 1121 2532 denudatis
1135 2464 1260 2524 ossibus.

310 2573 345 2638 L.
373 2574 420 2644 2‚-
437 2575 468 2632 Ἰ.
489 2570 575 2632 Heul
593 2573 659 2648 quis
671 2571 754 2632 salsis
767 2571 906 2645 fluctibus
920 2573 1059 2656 mandet,
1079 2577 1137 2632 eto.

333 2713 374 2738 v-
418 2681 467 2740 15.
489 2679 572 2740 Nihil
585 2680 695 2756 horum
709 2681 805 2740 simile
819 2699 882 2742 esse
896 2682 975 2761 apud
990 2681 1128 2754 Lacaenas
1140 2683 1281 2755 virgines.

335 2824 375 2848 ,ψ-
418 2791 469 2864 16,
492 2790 518 2852 Ο
539 2789 702 2864 Patrocles,
729 2791 766 2853 ad
781 2810 832 2853 vos
847 2791 1025 2864 adveniens,
1043 2791 1189 2853 auxilium
1211 2795 1242 2852 et
1254 2810 1326 2852 vose
1449 2843 1450 2860 ,

951 2979 954 2984 Δ
1021 2901 1098 2986 [tras
1118 2918 1242 2974 manus,
1263 2905 1325 2967 oto.

533 3006 823 3090 (Scenaieretota).
1244 3011 1246 3017 ’

336 3143 375 3168 v.-
417 3114 469 3171 l'l.
491 3112 609 3174 Samnis
623 3131 749 3192 spurcus
760 3115 870 3188 homo,
884 3116 945 3176 rita
957 3115 1009 3188 illa
1021 3116 1122 3190 diguu’
1137 3117 1275 3202 lpooquo.

311 3218 345 3277 L.
363 3222 401 3293 5,
419 3220 470 3280 l2.
492 3221 619 3284 Tantalo
632 3226 811 3302 prognatus,
829 3223 937 3302 Pelope
949 3228 1052 3296 uatus,
1069 3226 1121 3302 qui
1141 3225 1326 3303 quondama

1211 3334 1323 3412 [socru.

337 3470 377 3482 —
420 3438 471 3496 15.
495 3436 560 3512 Ego
574 3456 665 3517 quem
679 3443 785 3518 genui,
805 3445 873 3519 tum
891 3442 1072 3514 moriturum
1092 3443 1179 3516 seiri,
1195 3446 1225 3502 et
1239 3443 1268 3504 ei
1282 3445 1326 3512 rei

1112 3551 1246 3628 [sustuli,
1261 3557 1322 3614 eto.

338 3686 379 3697 -
420 3655 470 3718 19.
494 3656 562 3730 Pol,
581 3657 655 3717 mihi
667 3657 788 3720 fortuna
800 3661 895 3734 magis
907 3659 980 3722 deur
994 3675 1208 3738 quemgenus,
1223 3665 1283 3722 ete.

315 3760 350 3819 L.
367 3761 400 3832 l,
420 3761 471 3830 25.
493 3763 572 3826 Nam
585 3764 700 3827 lacinus
717 3766 785 3830 lecit
807 3787 1003 3842 maxumum,
1021 3788 1136 3848 quum,
1156 3770 1266 3830 Danais
1280 3771 1326 3831 in·

1040 3879 1244 3957 [elinantihus
1258 3884 1325 3962 vete.

347 4016 381 4034 ,-
426 3981 478 4050 52.
501 3981 547 4045 Tu
573 4003 622 4046 me
649 3987 758 4059 amoris
783 3987 894 4069 magis,
910 4005 1002 4066 qnam
1028 3989 1148 4058 honoris
1173 3989 1325 4052 servavisti

1205 4100 1322 4176 [gratia.
