2966 4776
727 381 885 438 ..84-

569 640 719 729 interpres
741 641 871 710 Homeri
896 641 1009 710 dicero.

338 885 436 956 Multi
456 897 536 957 sunt
555 885 611 957 alii
629 897 736 983 poetae
755 887 808 958 vel
824 887 921 958 latini
939 887 992 958 vel
1014 888 1133 984 greci,
1156 909 1307 982 quorum

289 1008 381 1106 apud
396 1010 592 1082 Ciceronem
604 1009 797 1108 fragmenta
811 1033 1034 1082 conversosve
1048 1009 1139 1082 locos
1156 1011 1307 1106 reperire
1406 1105 1410 1112 Ι

289 1145 354 1205 est.
375 1137 414 1205 In
430 1134 590 1206 omnibus
609 1142 682 1232 ejus
702 1133 799 1206 libris
813 1134 873 1229 qui
892 1133 936 1206 ad
952 1132 1207 1230 philosophiam
1223 1157 1307 1205 mo-

288 1258 396 1331 ralem
423 1270 483 1330 aut
503 1259 547 1332 ad
571 1260 779 1334 rhetoricam
802 1260 994 1356 pertinent,
1024 1258 1156 1330 laudati
1184 1282 1306 1330 versus

288 1397 490 1468 occurrunt,
516 1409 664 1481 quorum
686 1393 815 1482 majore
837 1386 935 1480 copia
949 1385 997 1454 De
1020 1387 1133 1479 fioribus
1153 1387 1306 1455 bonorum

252 1597 255 1604 .
287 1525 314 1580 et
336 1514 490 1581 unctorum
508 1521 542 1582 et
567 1514 616 1580 De
634 1514 823 1580 divinatione
842 1511 1098 1595 controversie,
1123 1511 1306 1580 Tusculano

287 1659 355 1730 que
377 1639 596 1728 disputationes
615 1635 869 1706 referciuntur.
905 1636 1069 1719 Quaenam
1089 1633 1195 1732 igitur
1216 1635 1306 1706 ratio

286 1759 476 1842 succurrit,
501 1781 570 1854 qua
590 1758 763 1854 possimus
784 1758 923 1854 propria
940 1757 1112 1830 Ciceronis
1135 1767 1169 1828 et
1192 1756 1306 1828 aliena

287 1879 513 1979 dignoscere?
530 1885 615 1953 Rem
626 1892 783 1954 accurate
794 1881 1011 1954 versantibus
1025 1937 1034 1966 ,
1050 1880 1123 1953 hac
1136 1878 1236 1952 nobis
1248 1881 1306 1952 via

287 2005 421 2080 consilii
433 2007 562 2080 ceteris
574 2007 681 2081 tutior
695 2008 770 2079 visa
782 2007 859 2078 fuit.
876 2008 992 2091 Quum
1003 2004 1139 2077 nullum
1155 2005 1306 2076 auctoris

287 2153 414 2201 nomen
439 2128 708 2203 dramaticorum
728 2141 789 2201 aut
812 2129 958 2201 aliorum
975 2130 1170 2228 fragmenta
1187 2128 1305 2224 prafe-

286 2265 388 2339 runt,
409 2254 509 2326 nobis
523 2255 715 2354 significare
725 2255 845 2326 Cicero
857 2253 1007 2338 videtur,
1028 2252 1100 2324 haec
1119 2252 1211 2350 apud
1229 2256 1304 2324 Ro-

286 2404 409 2451 manos
444 2379 530 2452 adeo
567 2390 764 2462 notescere,
806 2389 846 2449 ut
868 2379 945 2475 ipsa
970 2377 1112 2451 laudare
1141 2377 1301 2450 sufficiat.

288 2502 354 2573 ttbi
379 2527 460 2574 vcro
477 2502 584 2573 latina
605 2500 873 2598 praescribuntur
902 2502 1064 2587 nomina,
1095 2501 1204 2574 multo
1232 2503 1305 2574 mi-

288 2650 354 2696 nus
380 2627 485 2697 etiam
511 2624 554 2696 dc
583 2627 799 2722 possessione
830 2625 996 2724 litigares.
1027 2627 1161 2698 Accidit
1187 2637 1305 2699 autem

286 2761 326 2823 ut
344 2761 520 2823 auctorem
533 2775 682 2850 graecum
700 2752 900 2849 simpliciter
916 2764 950 2824 et
964 2762 1082 2849 aperta
1101 2753 1217 2824 Cicero
1237 2751 1305 2824 de-

287 2877 405 2948 claret.
427 2853 520 2949 Tunc
543 2877 642 2950 illum
663 2879 887 2974 interpretem
904 2876 1208 2973 deprehendimus.
1236 2878 1305 2950 Cur

288 3000 401 3082 enim,
419 3001 486 3070 nisi
500 3013 734 3085 converteret,
752 3003 972 3098 peregrinum
989 3012 1126 3097 poetam
1143 3002 1218 3098 ipso
1235 3025 1304 3074 no-

286 3125 381 3196 mine
391 3123 565 3208 laudaret,
586 3135 620 3195 et
632 3124 752 3210 illum,
765 3133 863 3224 cujus
876 3125 1119 3198 latinisverbis
1133 3139 1301 3213 uteretur,

287 3249 389 3322 laude
406 3250 530 3321 memte
557 3248 801 3322 defraudaret?
818 3253 1017 3322 ‘Homerum
1041 3264 1075 3323 et
1102 3253 1303 3350 Euripidem

287 3388 362 3449 tum
376 3375 498 3448 eadem
511 3376 642 3448 ratione
659 3375 801 3472 profert,
821 3400 912 3474 qua,
930 3400 999 3446 non
1009 3384 1084 3475 jam
1100 3375 1227 3448 dubius
1243 3377 1304 3472 inss

288 3508 437 3596 terpres,
454 3502 664 3599 exemplaria
676 3525 786 3600 graeoa
802 3481 1008 3576 nominatim
1025 3513 1060 3574 et
1075 3513 1231 3574 auctores
1244 3527 1303 3599 ap·

288 3621 406 3719 pellat.
418 3626 470 3696 Fit
479 3627 572 3697 enim
584 3625 836 3722 aliquando,ut
845 3624 1036 3697 inlatinum
1044 3626 1135 3699 ultro
1145 3649 1182 3698 sc
1192 3649 1303 3723 graeca

288 3757 487 3820 convertere
501 3748 716 3843 profitentur.
731 3751 825 3820 Tunc
836 3748 888 3820 rei
901 3749 1083 3822 manifesta
1093 3749 1193 3822 fides.
1205 3749 1302 3823 Alias

288 3871 498 3944 subobscure
521 3871 682 3968 quidem,
710 3873 897 3945 conferenti
923 3883 1040 3946 tamen
1057 3874 1150 3947 locos
1169 3885 1204 3947 et
1219 3876 1301 3948 taci-

289 4008 360 4068 tam
386 3994 634 4068 confessionem
659 3997 848 4070 attendenti
869 3999 953 4069 satis
976 4011 1092 4094 aperte
1119 4010 1214 4095 patet
1241 4002 1300 4072 in-

289 4133 432 4218 terprcs.
