2966 4776
598 345 636 360 ...
660 315 700 376 65
725 350 760 362 ..

168 448 223 520 his
240 459 279 520 ut
294 445 517 545 amplioribus
535 447 779 535 immoremur-3
799 453 933 526 minore
959 455 1084 530 deinde
1104 462 1183 530 Pro-

166 579 371 666 poosdcorum
390 573 582 670 fragmenta
601 585 673 647 tota
691 576 892 650 referemus.

216 699 344 768 Locum
366 719 448 768 sane
467 694 659 784 difficilem,
680 701 947 799 nominibusque
976 711 1123 804 propriis
1148 723 1183 782 et

166 819 302 892 minuta
327 820 540 918 singulorum
569 819 793 920 explicatione
825 826 896 899 lere
927 830 1181 907 intractabilem

167 947 216 1017 sic
236 947 374 1042 exponit
392 945 538 1019 Cicero:
652 997 655 1000 -

247 1121 288 1180 At
300 1122 421 1199 propter
434 1118 547 1179 laevum
567 1137 660 1194 genus
674 1123 756 1181 omni
768 1141 805 1182 ex
818 1129 904 1202 parte
917 1126 1030 1190 locatas
1043 1175 1051 1205 ,

248 1228 358 1290 Parvas
370 1227 518 1303 Vergilias
532 1231 615 1289 tenui
630 1247 699 1290 cum
710 1229 778 1293 luce
790 1234 916 1296 videbis.

245 1337 301 1399 Hae
312 1342 426 1419 septem
441 1338 531 1412 vulgo
543 1339 739 1418 perhibentur
752 1348 965 1406 morevetusto

249 1445 360 1520 Stellae,
377 1451 543 1508 cernuntur
554 1463 624 1508 vero
637 1467 687 1508 sex
703 1445 835 1528 undique
853 1470 964 1531 parvae.

248 1557 360 1617 utnon
375 1557 519 1640 interiisse
535 1560 636 1636 putari
651 1561 788 1621 convenit
802 1579 897 1622 unam
912 1582 921 1639 ;

247 1662 305 1725 Sed
317 1664 427 1756 frustra
439 1669 552 1727 temere
567 1686 585 1727 a
599 1666 691 1741 vulgo
706 1670 824 1729 ratione
842 1671 904 1730 sine
921 1670 984 1732 ulla

252 1773 373 1853 Septem
388 1773 489 1848 dicier,
505 1779 540 1835 ut
552 1781 667 1836 veteres
682 1778 815 1838 statuere
829 1781 946 1857 poetae,

246 1881 371 1944 AEteruo
383 1887 505 1944 cunctas
518 1885 581 1945 aev'o
596 1887 648 1962 qui
664 1887 785 1946 nomine
799 1887 941 1961 dignant:

246 1991 391 2070 Alcyone,
412 1993 612 2072 Meropeque,
628 1989 760 2067 Celaeno,
777 1991 986 2074 Taygeteque,

244 2099 378 2172 Electra,
397 2099 595 2180 Steropeque,
613 2099 702 2161 simul
717 2102 901 2163 sanctissima
914 2101 1005 2164 Maia.

245 2205 301 2268 Hae
313 2211 419 2267 tenues
432 2223 524 2286 parvo
536 2206 671 2268 labentes
683 2206 799 2268 lumine
810 2207 912 2268 lucent
925 2226 934 2284 ;

246 2319 285 2378 nt
299 2335 442 2392 magnum
457 2335 567 2380 nomeu
581 2319 657 2393 signi
671 2315 848 2397 clarumque
860 2322 1004 2392 vocator,

245 2428 406 2508 Propterea
420 2427 499 2507 quod
514 2433 543 2490 et
558 2430 668 2490 testatis
681 2429 844 2509 primordia
857 2428 950 2490 clarat
964 2473 972 2502 ,

244 2533 283 2595 Et
297 2537 379 2614 post,
395 2533 512 2597 hiberni
525 2533 720 2616 praependens
734 2537 878 2617 temporis
894 2540 994 2609 ortus,

246 2641 413 2717 Admonet,
431 2648 465 2704 ut
478 2645 621 2706 mandent
635 2641 776 2706 mortales
791 2648 906 2708 semina
921 2646 1019 2706 terris.

166 2799 247 2870 Tres
268 2800 398 2896 primos
426 2802 523 2872 Arati
551 2825 672 2873 versus
701 2804 819 2874 Cicero
845 2803 1034 2886 contrahit,
1053 2812 1088 2873 et
1106 2823 1176 2872 uno

164 2923 269 2998 verbo
293 2953 308 2992 e
328 2949 452 3022 parvas
474 2953 490 2994 s
514 2926 743 3024 periphrasim
763 2923 879 3000 reddit
904 2949 1088 3000 ‹necvero
1101 2949 1177 3022 spa-

165 3051 273 3122 tiosos
287 3053 464 3125 universas
482 3052 576 3126 locus
596 3054 749 3126 continet
768 3052 816 3150 (1)
831 3076 867 3139 3»
883 3053 921 3124 in
934 3052 1074 3149 reliquis
1085 3051 1176 3124 lidus

164 3175 345 3273 interpres.
359 3175 400 3248 ln
418 3173 518 3249 tertio
542 3189 704 3275 «septem
724 3200 828 3276 »pro
847 3207 863 3247 <r
884 3177 1132 3277 septemgradae
1153 3205 1169 3244 s

165 3297 285 3396 friget3
305 3310 609 3373 «morevetusto»
627 3301 816 3389 redundat,
837 3314 877 3377 ut
892 3302 929 3375 in
947 3312 1070 3400 quarto
1089 3324 1176 3372 «sex

165 3423 318 3521 undique
334 3450 458 3525 parvae.
482 3454 497 3493 s

247 3593 305 3656 Sed
317 3593 427 3656 frustra
442 3599 555 3656 temere
573 3596 695 3670 evulgo
710 3598 825 3658 ratione
837 3597 900 3656 sine
914 3593 994 3668 ulla,

214 3719 343 3826 lnlelici
367 3724 624 3840 redundantia,
639 3779 708 3851 qua
737 3754 780 3827 de
807 3751 986 3829 consulatu
1012 3775 1170 3840 carmen,

166 3875 290 3949 iterum
308 3877 470 3972 inlicitur.
943 3871 947 3878 ⁸

204 4069 240 4133 (t)
258 4071 327 4130 uuit.
341 4072 427 4140 hidot.
442 4071 593 4148 etatae,
611 4089 673 4148 pag.
687 4077 720 4148 t,
735 4089 803 4135 vers.
816 4077 878 4136 att.
