2966 4776
615 404 655 417 -
677 373 716 434 59
737 403 778 418 ..

185 505 358 604 gumentis
374 517 409 577 ct
420 505 598 580 sententiis
617 505 809 590 offecerint,
824 504 913 602 stylo
925 527 1062 600 quoque
1079 502 1197 574 damni

186 631 356 716 nonnihil,
376 642 415 704 ut
435 631 629 728 opinamur,
652 631 853 702 attulerunt.
872 629 972 714 Quod
990 631 1020 702 si
1041 652 1110 700 non
1122 629 1198 724 ipsa

184 763 380 858 conjectura
395 754 571 852 probabile
593 762 669 853 jam
695 755 811 841 lieret,
833 755 946 852 reipsa
972 752 1199 851 comproban-

185 879 270 952 dum
286 904 361 952 esse
378 879 477 952 nobis
495 879 681 953 uideretur.
705 881 797 952 Dum
822 881 916 952 eninr
934 881 972 951 in
988 879 1198 952 carminibus

184 1006 338 1078 Ciceroni
355 1006 517 1103 propriis,
535 1005 631 1078 nullo
648 1003 780 1090 colore,
803 1005 898 1078 nullo
918 1029 1021 1078 succo
1039 1004 1198 1101 splendet

184 1141 219 1202 et
234 1130 385 1203 luxuriat
404 1131 533 1215 oratio;
558 1131 596 1202 in
608 1131 651 1203 iis
673 1153 750 1227 quae
766 1131 935 1203 convertit
951 1141 1010 1202 aut
1026 1131 1195 1213 imitatur,

183 1252 272 1350 stylo
294 1275 546 1348 nonnunquam
570 1254 711 1350 sanguis
738 1249 875 1338 influit,
908 1251 1027 1325 lacerti
1056 1249 1198 1347 quidam

183 1386 408 1459 exseruntur,
443 1375 586 1471 spiritus
619 1373 745 1471 aliquis
760 1403 776 1458 ‚¹
803 1384 918 1447 motus
949 1384 986 1445 ct
1016 1374 1087 1445 vita
1116 1383 1199 1444 tan-

182 1496 263 1574 dem
295 1511 475 1594 apparent.
511 1501 616 1598 Cujus
644 1499 855 1574 discriminis
890 1523 967 1596 quae
996 1521 1101 1570 cause
1125 1505 1200 1595 jam

182 1622 297 1695 afferri
314 1619 451 1718 potest?
467 1625 545 1696 llaeo
557 1623 631 1696 sola
643 1623 731 1694 mihi
743 1621 923 1719 probanda
937 1620 1089 1705 videtur,
1107 1619 1199 1717 quod

182 1747 312 1822 scilieet
339 1749 479 1834 Cicero,
505 1750 776 1845 quotiescunque
804 1750 923 1820 efflatu
948 1747 1087 1844 proprio
1111 1767 1200 1841 poe-

157 1934 161 1940 .
182 1873 248 1944 sim
269 1874 482 1972 aggreditur,
499 1885 538 1944 ut
557 1884 638 1969 pote
652 1874 712 1968 qui
735 1885 860 1946 natura
881 1873 1071 1969 prasertim
1089 1871 1200 1942 exsti-

181 1996 261 2068 terit
272 2005 400 2081 orator,
416 2019 518 2069 suum
531 2019 602 2068 non
615 1996 792 2092 ingenium
805 1994 951 2080 excedit;
965 2019 1074 2090 quum
1083 2005 1198 2068 autem

179 2112 283 2192 certis
310 2119 562 2217 exemplaribus
581 2118 750 2192 incumbit
776 2131 811 2192 et
827 2120 1052 2202 immoratur,
1077 2119 1198 2214 paulu-

180 2239 254 2312 lum
278 2243 444 2339 assurgit,
466 2254 500 2314 et
522 2265 609 2338 quas
626 2242 820 2339 ingenitas,
850 2241 911 2313 sed
936 2240 1115 2315 inferiores
1137 2238 1198 2310 ha·

177 2363 254 2449 bet,
274 2367 426 2462 poeticas
442 2369 590 2440 virtutes
608 2367 733 2441 excitat
749 2379 784 2440 et
797 2367 903 2440 altius
918 2366 1044 2439 evehit.

227 2492 309 2575 Qua
327 2504 445 2566 nostro
464 2495 640 2590 proposito
659 2494 903 2590 congruentia,
924 2504 963 2564 ut
979 2492 1195 2565 manifestius

180 2616 419 2710 explanantur,
434 2619 527 2715 quod
540 2621 643 2692 luerit
657 2620 806 2716 propriis
818 2621 972 2692 Ciceroni
984 2619 1195 2693 carminibus

182 2737 352 2812 scribendi
378 2767 504 2838 genus,
534 2767 627 2815 nnnc
657 2745 825 2842 attingere
850 2744 963 2816 liceat.
994 2746 1122 2816 Caetera
1152 2742 1195 2815 dc

181 2865 313 2959 poetico
337 2867 508 2940 Ciceronis
525 2868 661 2964 eloquio
678 2869 906 2954 disseremus,
927 2893 1032 2966 quum
1055 2893 1095 2940 ca
1120 2893 1194 2964 ques
1314 2867 1316 2869 ’

179 2991 346 3062 convertit
368 3003 429 3064 aut
452 2993 606 3065 imitatus
631 3006 701 3079 cst,
726 2995 763 3066 in
778 2996 936 3092 proximo
953 2996 1064 3091 capite
1079 3015 1195 3065 recen·

178 3112 358 3188 sebuntur.

226 3240 265 3310 ln
277 3241 448 3339 fingendis
460 3243 670 3316 carminibus
682 3244 821 3317 sibimet
837 3245 941 3317 etiam
953 3245 1066 3340 impar
1077 3243 1193 3314 Cicero

175 3365 436 3458 pectavidetur,
450 3391 560 3463 quum
572 3369 711 3466 ingenie
727 3369 866 3442 condita
876 3370 1015 3465 proprio
1027 3366 1189 3451 fundens,

176 3512 247 3562 non
263 3490 411 3563 aliorum
427 3494 545 3565 afflatu
558 3495 760 3566 concitatur.
775 3499 869 3567 'lunc
883 3494 934 3566 illi
946 3519 1022 3590 quae
1040 3494 1193 3589 turpiore

177 3625 258 3686 nota
275 3614 505 3702 celebrantur,
526 3617 650 3712 saepius
669 3616 844 3689 excidunt.

225 3741 277 3811 Ex
297 3741 371 3838 ipso
394 3741 566 3814 Ciceronis
587 3753 900 3838 temperaremus
923 3740 973 3813 illi
992 3741 1080 3827 duo,
1105 3765 1192 3837 quos

172 3871 246 3962 jam
277 3867 477 3964 attigimus,
511 3867 753 3964 exploduntur.
786 3869 879 3952 Quos
903 3868 1072 3952 Voltaire,
1108 3866 1191 3938 dum

177 3989 348 4062 Ciceronis
370 3991 500 4064 crimen
527 3992 660 4066 eleuare
686 3991 872 4066 studiosius
894 3992 1056 4076 exardet,
1084 4014 1191 4062 excu-

177 4114 308 4188 satione
319 4139 382 4188 sua
391 4140 534 4213 prorsus
547 4117 738 4190 infamavit.
748 4118 861 4216 Fingit
875 4120 967 4190 enim
982 4114 1191 4212 eliquemCi-
