2966 4776
605 307 769 364 ..Sl-..-

228 446 274 519 At
287 446 323 517 in
337 445 483 516 AEocidir
498 453 594 515 sexto
611 466 696 514 num
708 441 890 512 imitatoris
904 440 1043 511 nomine
1059 447 1194 510 tantum

180 571 243 644 tibi
262 568 437 644 vocandus
456 579 522 654 est,
543 592 623 642 cum
640 569 739 664 ipsc:

709 739 749 801 Et
765 741 880 801 lumine
894 739 982 799 vestit

299 852 456 933 Purpureo
475 851 577 935 (6l0);

179 1025 213 1086 et
228 1015 265 1087 in
281 1016 493 1085 Phoaomeois
509 1015 625 1086 Cicero
642 1038 651 1083 ε

297 1185 397 1264 Atque
409 1184 502 1246 Arum
515 1187 599 1247 tenui
611 1185 741 1259 caligans
752 1187 858 1247 vestiet
870 1185 989 1246 umbra.

298 1344 371 1409 Hac
384 1346 428 1408 sol
442 1352 554 1408 aeterno
567 1348 710 1408 convestit
724 1347 840 1408 lumine
852 1346 994 1408 lustrans.

233 1593 239 1604 ,
299 1503 399 1580 Quem
413 1525 508 1584 quum
522 1509 668 1586 perpetuo
679 1506 798 1565 vestivit
813 1504 929 1565 lumine
942 1504 1053 1564 Titani

227 1669 329 1740 Dives
340 1669 445 1766 igitur
456 1679 508 1740 est
519 1669 700 1754 Cicero,ut
709 1667 869 1765 quaedam
879 1667 944 1764 ipsi
954 1664 1096 1762 Virgilio
1108 1687 1199 1736 conr-

161 1791 321 1864 ‘modarc
338 1792 459 1887 possit.
483 1794 523 1863 ln
536 1791 668 1863 ceteris
683 1791 805 1874 etiam,
821 1813 896 1886 quae
917 1812 1022 1884 supra
1037 1785 1200 1859 laudavi-

180 1937 272 2000 mus,
286 1925 456 2010 quantum
467 1916 607 2011 poeticae
614 1922 689 2012 jam
699 1915 884 1987 artificium
895 1938 959 1987 nos
971 1913 1199 1985 admiratione

181 2033 330 2108 detinet!
346 2036 446 2119 Quod
461 2038 491 2108 si
508 2060 588 2108 cum
605 2047 745 2108 auctore
761 2034 1007 2109 contulerimus
1025 2036 1200 2129 interpre-

181 2169 272 2244 tem,
292 2159 478 2246 nonnulla,
495 2161 569 2232 sine
583 2160 708 2246 dubio,
724 2161 808 2232 vitia
824 2161 941 2233 Cicero
957 2157 1197 2240 confiteretur;

180 2283 338 2380 pluribus
354 2295 471 2358 autem
485 2285 646 2358 laudibus
665 2285 861 2358 efferendus
879 2294 983 2356 essct.
1002 2281 1099 2353 Arati
1111 2305 1202 2378 quae-

181 2404 262 2480 dam
278 2409 470 2496 contrahit,
498 2409 566 2482 alia
584 2409 743 2505 producit
762 2419 796 2480 et
818 2407 1027 2504 amplificat,
1049 2417 1085 2478 ct
1105 2404 1202 2504 gravi

179 2533 350 2629 farragine
359 2559 423 2606 sua
433 2558 684 2629 nonnunquam
696 2534 849 2604 cannino
861 2532 1010 2628 supplet,
1024 2530 1202 2602 autetiam

181 2658 282 2752 greci
299 2681 437 2728 sensum
461 2657 655 2728 conturbat.
677 2660 771 2752 Saepe
788 2681 869 2728 vcro
895 2681 966 2728 non
983 2656 1114 2728 auctori
1138 2677 1201 2725 sno

183 2801 340 2850 sermone
354 2779 487 2874 poetico
500 2778 656 2864 decedit;
669 2780 780 2875 magis
793 2780 897 2860 etiam
911 2777 1096 2874 aliquando
1109 2801 1203 2874 pres-

182 2927 261 2988 sus,
276 2913 330 2989 ct,
347 2900 441 2998 quod
458 2902 494 2972 in
509 2900 614 2999 hujus
634 2902 743 2973 aetatis
759 2925 903 2973 romano
924 2903 1077 2986 mireris
1093 2925 1203 2998 graeco

176 3035 252 3126 jam
271 3028 461 3126 elegantior
477 3027 618 3099 exstitit.
639 3028 745 3099 Arato
763 3027 905 3124 quidem
922 3029 958 3099 in
975 3029 1102 3118 teneris
1120 3027 1203 3124 qui-

180 3150 330 3222 busdam
346 3161 408 3222 aut
421 3131 634 3224 mollioribus
649 3152 802 3239 inferior,
820 3154 1036 3252 excogitandi
1050 3154 1202 3251 quodem

181 3267 313 3372 impetu
330 3287 364 3348 et
388 3275 524 3375 singula
546 3301 692 3374 quaeque
714 3279 878 3376 pingendi
895 3279 1080 3364 facultate,
1100 3303 1203 3352 suum

182 3398 357 3495 exemplar
380 3398 481 3498 longe
497 3409 651 3496 praestat.
670 3403 845 3474 iacentem
864 3413 1015 3499 gracum
1035 3405 1201 3489 suscitat,
1328 3402 1331 3406 ’

182 3525 305 3597 etvivo
323 3525 446 3621 spiritu
459 3524 554 3598 velut
567 3535 763 3598 emortuum
776 3537 928 3612 recreat3
946 3526 1040 3599 unde
1053 3527 1093 3600 fit
1106 3539 1158 3614 ut,
1174 3531 1204 3601 si

181 3672 252 3720 non
273 3650 350 3746 ipsa
367 3648 487 3748 lingue
501 3651 555 3722 vel
578 3652 706 3723 invitus
725 3664 903 3748 superaret
919 3653 1071 3740 Aratus,
1092 3655 1205 3751 impar
1328 3692 1331 3698 .

184 3775 337 3845 exomni
355 3785 454 3870 parte
473 3775 627 3847 Ciceroni
641 3774 857 3848 concederet.

229 3899 307 3970 Non
323 3899 524 3996 ignoramus
540 3899 682 3995 quidem
696 3898 810 3984 verbis
826 3901 940 3974 adhuc
957 3905 1108 4000 antiquis
1120 3927 1203 4100 goe-
1304 4005 1308 4007 -

184 4020 290 4093 ticum
308 4024 480 4097 Ciceronis
498 4023 628 4120 stylum
647 4019 805 4112 horrere,
833 4050 910 4122 qua
927 4032 1099 4124 posterius

1059 4153 1078 4210 6

1149 4031 1204 4100 ir-
