3008 4778
451 900 585 947 PROPRIA
606 899 769 947 CICERONIS
794 899 943 948 canutus.

230 1174 313 1258 Quae
329 1174 503 1270 pertinent
521 1173 566 1248 ad
585 1173 753 1273 linguam,
772 1173 818 1247 ad
839 1174 1012 1272 poeticum
1029 1171 1194 1245 orationis

182 1297 344 1384 colorem,
364 1309 399 1371 ct
414 1298 458 1371 ad
475 1299 603 1373 heroici
619 1323 740 1372 versus
758 1299 983 1398 elegantiam,
1000 1321 1041 1368 ca
1057 1307 1193 1371 tantum

182 1421 275 1518 apud
292 1423 485 1518 superiores
504 1434 623 1520 poetas
640 1434 675 1498 et
691 1425 888 1498 Ciceronem
902 1423 1057 1496 conferre
1076 1445 1195 1494 conce·

183 1541 288 1616 ditur.
304 1545 417 1628 Quam
429 1569 511 1618 vero
523 1548 814 1650 comparationem
833 1546 933 1632 uead
946 1545 1090 1644 huJusce
1106 1544 1196 1640 capi·
1242 1617 1244 1623 .

182 1669 226 1740 tis
245 1668 351 1740 finem
368 1693 576 1767 seponamus
593 1696 649 1744 res
665 1673 741 1770 ipsa
764 1683 895 1746 monet.
930 1671 1085 1768 Reliquit
1103 1670 1196 1746 enim.
1238 1659 1239 1662 ¹

182 1791 298 1864 Cicero
317 1794 483 1880 carmina,
503 1818 545 1866 ex
558 1795 683 1891 quibus
702 1794 794 1892 apud
803 1795 902 1868 illum
912 1793 1127 1892 excogitandi
1138 1794 1197 1865 fa-

182 1914 359 2002 cultatem,
369 1928 404 1990 et
415 1920 528 2015 operis
538 1919 691 2018 fingendi
702 1919 884 1993 consilium
895 1919 1018 1992 saltam
1029 1918 1196 2015 suspicari

181 2038 367 2134 possimus.
387 2043 467 2114 Haec
483 2052 599 2115 autem
616 2041 684 2114 duo
702 2066 811 2139 quum
824 2043 973 2114 maxime
984 2051 1123 2138 poetam
1140 2041 1198 2112 de-

183 2159 314 2233 clarent
325 2173 359 2234 ct
372 2163 416 2235 ad
427 2165 544 2236 vivum
558 2166 764 2263 exprimant,
779 2163 971 2238 cavendum
981 2173 1033 2236 est
1044 2187 1088 2234 ne
1099 2163 1198 2260 frag-

183 2296 314 2372 menta,
333 2289 491 2383 quamvis
509 2290 656 2376 nrinuta,
675 2290 992 2387 praetermeantes.
1010 2285 1117 2360 Nobis
1134 2288 1196 2386 igi-

182 2422 240 2484 tur
261 2412 446 2512 relegenda
465 2415 627 2488 videntur
652 2417 781 2502 omnia,
805 2439 883 2512 quae
908 2414 1047 2511 proprio
1064 2411 1195 2484 Tullius

183 2539 301 2611 afflatu
327 2541 514 2637 scripserit,
541 2552 576 2614 et
597 2565 638 2614 ea
662 2543 854 2638 praesertim
883 2539 1100 2622 excutienda,
1113 2563 1197 2636 quae

183 2673 335 2737 mentem
352 2675 386 2738 et
400 2667 578 2764 ingenium
597 2669 745 2740 auctoris
762 2677 977 2764 expromam.

231 2787 373 2883 Propria
389 2789 560 2860 Ciceronis
576 2790 731 2861 carmina
752 2798 901 2884 quatuor
922 2787 1026 2885 vulgo
1054 2786 1196 2860 tradun-

185 2921 279 2984 tur':
309 2915 455 2998 Marias,
478 2916 525 2984 De
548 2917 731 3000 consulatu,
753 2916 801 2985 Dc
829 2915 1011 3006 temporibus
1037 2917 1121 2996 sois,
1152 2912 1196 2984 de

182 3037 379 3110 Britannica
408 3040 550 3112 Caesaris
580 3039 795 3136 expeditione
824 3038 1057 3113 desideratum
1086 3036 1193 3111 aliud.

184 3161 316 3247 Quibus
333 3164 437 3254 ctiam
451 3165 611 3262 quintum
626 3163 878 3266 subjiciendum
891 3189 966 3238 esse
979 3187 1195 3250 censeamus,

185 3287 334 3362 simodo
353 3288 440 3360 fides
462 3289 572 3362 Nonio
597 3290 643 3361 sit
667 3288 840 3376 habenda,
868 3289 942 3362 haec
970 3287 1034 3362 suh
1062 3287 1198 3361 vocab:

192 3408 439 3506 «relegantes»
462 3412 690 3483 memoranti:
711 3411 926 3510 «Elegantes
943 3409 1110 3494 :Tullius,
1125 3432 1198 3482 car·

186 3534 279 3606 mine
298 3532 341 3606 de
352 3533 528 3632 moribus:
545 3535 736 3607 Avaritiam
749 3535 866 3608 omnia
880 3533 964 3606 vitia
981 3531 1110 3604 hahere
1127 3555 1199 3630 pu-

187 3667 262 3728 tant
281 3667 518 3755 sumptuosus,
537 3657 695 3756 cupidus,
715 3658 845 3756 eligans
874 3655 965 3753 (sic),
989 3655 1146 3728 vitiosus.
1177 3684 1193 3724 ι

236 3784 346 3879 Hujus
362 3783 524 3855 carminis
542 3807 714 3880 nusquam
733 3781 835 3870 alibi,
858 3781 951 3879 quod
977 3779 1118 3878 quidem
1136 3804 1199 3852 ar-

188 3904 372 3994 bitremur,
388 3919 546 4006 superest
562 3910 765 4008 vestigium,
792 3908 859 3980 nisi
884 3907 972 3980 forte
1001 3915 1102 4004 putes
1117 3904 1200 3984 illuc

188 4033 358 4129 pertinere
375 4059 451 4130 quar
468 4035 586 4108 laudat
605 4038 665 4106 Ars
684 4036 836 4120 Cledonii,
852 4026 1085 4116 Lindemann,
1101 4056 1135 4102 v.
1156 4032 1194 4116 1,
