2994 4774
751 313 853 374 -ll
872 343 913 359 ..

320 446 472 544 ligantur
487 445 593 520 verba
614 447 808 530 Ciceronis,
828 456 862 518 11
881 447 1078 518 Graeoornm
1094 446 1165 517 vim
1180 501 1188 529 ‚
1210 443 1339 518 abillis

320 571 494 673 veteribus
515 574 552 645 in
580 573 709 644 mirum
738 593 829 668 sape
853 570 998 644 modum
1027 593 1248 667 expressam,
1277 594 1339 642 re-

320 697 448 770 vixisse
473 708 619 770 constet.
650 694 750 780 Quod
774 695 849 791 ipse
874 707 1030 766 senserat
1046 694 1228 792 Virgilius,
1249 675 1339 793 grati

320 844 541 918 nequaquam
557 821 683 905 animi,
703 818 854 891 simodo
878 841 982 914 quem
1004 817 1224 892 defraudaret
1240 843 1340 892 mer-

319 942 458 1040 gentis,
475 944 513 1034 ei
539 941 640 1015 simul
671 952 803 1014 stercus
826 939 1061 1037 exprobraret.
1092 941 1245 1013 Plurima
1264 949 1339 1040 jam

319 1064 551 1153 advertimus,
580 1090 657 1164 quae
681 1061 865 1137 manifesto
889 1064 956 1136 sibi
979 1063 1154 1137 vindicare
1177 1064 1339 1164 dignattm

319 1200 385 1262 est.
408 1187 583 1264 Nonnulla
606 1191 847 1290 subjicientur,
865 1189 991 1286 quibus
1011 1197 1086 1288 ejus
1110 1179 1338 1264 imitationem

318 1315 430 1413 magis
463 1327 682 1414 perspectam
714 1315 940 1388 aestimemus.
969 1315 1107 1388 Paeurii
1143 1343 1160 1383 ι
1190 1325 1339 1388 mortem

319 1449 496 1512 ostentant
518 1439 566 1537 (1)
596 1469 612 1510 ι
643 1440 680 1512 in
705 1450 859 1515 mentem
884 1450 1044 1524 reuocat,
1071 1441 1340 1540 AEoeid.p1imo

318 1560 427 1647 libro,
452 1564 547 1635 191:

661 1736 742 1799 Viris
756 1738 906 1799 intentent
920 1738 1021 1798 omnia
1034 1741 1174 1798 mortem.

360 1921 408 1995 Di,
422 1921 531 2001 quibus
542 1925 727 2002 estpotestas
739 1928 840 1986 motus
849 1941 993 2005 superum
1005 1929 1095 2004 etque
1105 1924 1305 2006 infernale!

318 2103 489 2178 exclamat
506 2107 653 2180 Ennius.

360 2309 413 2385 Di,
430 2310 540 2390 quibus
550 2311 713 2391 imperium
723 2315 768 2374 est
777 2313 964 2388 animarum,
977 2313 1155 2394 umbraque
1167 2312 1303 2407 silentes!

318 2499 477 2574 Vicissim
493 2500 708 2572 inuocatione
723 2499 863 2573 sublimi
877 2501 1054 2600 Virgilius.

366 2621 469 2721 Apud
485 2623 637 2695 Ennium
655 2622 897 2698 Andromache
915 2651 924 2698 :

483 2826 620 2908 Opater,
635 2830 780 2909 1111111,
796 2830 939 2894 ethiani
951 2832 1060 2896 domus
1069 2833 1124 2909 (3)1

367 3012 494 3084 AEnees
512 3011 606 3126 apud
621 3011 804 3111 Virgilium
819 3039 829 3085 1

482 3211 509 3275 0
525 3215 637 3294 patria,
655 3232 673 3276 o
689 3214 793 3276 dirum
807 3215 928 3290 domus,
946 3216 1054 3278 lliuml

366 3402 447 3476 Haee
465 3425 588 3474 rursus
605 3401 850 3477 Andromache
867 3429 877 3476 1
1218 3457 1232 3498 ,

359 3605 439 3680 Quoi
451 3625 506 3668 neo
519 3625 579 3669 erae
589 3608 695 3688 patriae
705 3608 787 3670 domi
796 3613 887 3685 stunt,
900 3608 1002 3673 1111111
1014 3616 1045 3673 11
1054 3611 1183 3692 disjecta
1190 3613 1304 3693 jacent.

357 3862 393 3931 (1)
408 3862 506 3934 Bothe,
519 3863 669 3935 Atalanta,
684 3868 788 3938 11119.

357 3959 394 4030 (2)
408 3957 488 4028 ibid,
505 3959 692 4032 Cresphontes,
708 3977 735 4035 p.
752 3965 796 4020 10.

356 4056 394 4122 (³)
407 4055 487 4128 thid,
499 4071 527 4130 p.
541 4060 576 4114 31
