2994 4774
707 280 849 338 -8-

262 415 480 502 anxitudine,
494 415 731 502 mollitudine,
745 416 969 502 lassitudine,
985 418 1277 504 temeritudinem,

261 540 556 637 prolixitudinem.
581 569 597 612 1
632 542 672 614 ln
700 541 776 614 aliis
806 553 987 614 occurrent
1007 543 1278 641 «poenitudine,

259 665 491 751 vastitudine,
510 664 768 751 miseritudine,
782 665 992 751 latitudine,
1006 666 1241 740 honestitudo.
1258 695 1274 737 1

260 791 415 875 Quarum
432 790 723 888 pondereflvocum
741 815 880 874 versus,
896 792 933 862 in
951 793 1072 889 primis
1088 791 1279 878 iambicus,

266 939 355 1011 ‹pes
365 916 475 1001 citus,
488 944 504 986 1
521 916 727 1013 ingravescit
736 927 771 988 et
781 915 948 988 anhelans
959 899 1176 1014 opprimitur.
1191 919 1281 988 Raro

259 1039 352 1110 enim
379 1039 548 1136 contingit
571 1050 612 1111 ut
631 1039 712 1112 brec
742 1038 996 1137 sesquipedalia
1018 1041 1148 1126 rerba,
1174 1038 1280 1138 paulo

258 1159 391 1232 felicius
416 1171 451 1232 et
477 1172 672 1258 opportuno
690 1163 821 1236 inserta
844 1163 939 1249 loco,
965 1165 1090 1264 grandi
1116 1164 1282 1262 exsplen-

259 1283 402 1358 descant
421 1285 591 1383 imagine,
611 1297 651 1358 ut
666 1285 761 1383 apud
778 1286 911 1359 Attium
929 1311 938 1360 τ

342 1471 475 1535 Delubra
491 1473 643 1548 ooelltnm,
662 1475 755 1535 maris
768 1473 998 1536 sanctitudinest
1030 1435 1032 1444 Α

308 1649 386 1720 Non
400 1648 687 1722 committendum
704 1659 888 1722 esttamen
909 1659 949 1720 ut
963 1648 1100 1733 omnia,
1113 1671 1190 1743 qua
1206 1669 1281 1719 eur-

261 1771 328 1842 sim
351 1771 548 1869 attigimus,
574 1773 734 1869 peccata,
755 1774 792 1844 in
815 1783 973 1846 auctores
998 1782 1134 1844 tantum
1159 1781 1193 1842 et
1208 1771 1281 1842 im-

262 1897 387 1969 merito
397 1896 627 1970 conferamus.
640 1896 775 1995 Duplex
786 1899 879 1972 enirn
891 1898 1076 1970 criminum
1086 1906 1140 1968 est
1150 1919 1280 1994 genus:

263 2044 413 2117 quorum
430 2021 578 2096 alterum
597 2034 632 2096 et
654 2025 793 2122 gravius
808 2023 1016 2096 balbutienti
1034 2021 1178 2120 linguae,
1200 2019 1283 2093 alte·

262 2169 342 2218 rum
364 2157 438 2220 arte
461 2147 606 2220 rudibus
627 2151 737 2246 poetis
764 2148 954 2223 adscribas.
981 2148 1034 2221 llli
1060 2146 1202 2244 quidem
1218 2168 1282 2218 nee

263 2272 486 2344 vetustiorem
513 2274 792 2369 asperioremque
819 2273 1001 2345 nominum
1024 2271 1191 2356 formam,
1218 2292 1281 2340 nec

189 2493 195 2504 .
262 2417 430 2492 generum
448 2398 632 2494 ancipitem
648 2407 810 2469 naturam
831 2397 982 2494 effugere
1001 2404 1201 2492 potuerunt.
1217 2392 1283 2464 Vix

264 2521 368 2592 etiam
388 2520 564 2596 duriorem
589 2522 833 2596 contractionis
852 2519 996 2593 modum
1014 2520 1083 2592 illis
1099 2521 1183 2592 vitio
1199 2542 1283 2590 ver-

262 2657 336 2731 tas,
363 2671 473 2744 quum
500 2655 575 2746 ejus
600 2647 766 2744 temporis
795 2637 942 2718 auribus
960 2644 1088 2718 callum
1114 2643 1282 2742 agrestior

263 2794 348 2842 usus
373 2770 588 2858 obduxisset.
608 2769 675 2842 Sed
703 2770 797 2867 apud
818 2770 897 2844 illos
921 2769 1135 2844 inconditam
1159 2791 1283 2842 vocum
1317 2833 1319 2840 .

263 2897 548 2990 compositionem
559 2906 594 2967 et
606 2894 719 2968 soluta
729 2894 904 2993 digniores
915 2896 1069 2968 oratione
1077 2893 1281 2974 locutiones,

264 3040 413 3114 quarum
439 3040 564 3113 repens
591 3017 690 3088 humi
717 3016 897 3116 longitudo
923 3015 1097 3114 legentem
1122 3010 1284 3109 obstupe·

264 3142 367 3229 lacit,
387 3165 457 3214 non
476 3139 598 3213 eadem
612 3139 710 3213 lacile
727 3141 828 3214 venia
844 3160 1108 3236 prosequemur.

312 3267 403 3339 Vitio
420 3277 536 3339 tamen
562 3267 673 3338 aetatis
695 3289 741 3337 an
765 3290 827 3339 suo
846 3263 1028 3348 sordeant,
1051 3261 1136 3358 quid
1153 3259 1284 3334 refert?

265 3395 300 3464 Si
317 3390 432 3464 labem
454 3403 640 3490 utramque
662 3391 863 3463 cautissima
877 3388 1037 3462 vitaverit
1053 3398 1126 3460 arte
1143 3387 1283 3472 Cicero,

265 3514 365 3586 nobis
385 3539 455 3588 non
472 3516 605 3588 minore
620 3513 725 3587 laude
744 3512 972 3587 celebrandus
989 3511 1241 3587 obversabitur.

312 3639 461 3710 Nomina
476 3663 558 3712 vero
574 3640 632 3714 vix
655 3639 788 3738 aliquot
805 3640 1010 3737 relegimus,
1031 3663 1140 3734 quum
1162 3635 1285 3709 eodem

258 3769 339 3861 jure
359 3761 478 3835 liceret
495 3763 532 3835 in
554 3773 695 3836 caeteras
715 3763 843 3860 eloquii
860 3773 976 3861 partes
994 3761 1281 3834 animadvertere.

262 3887 384 3959 Verbis
393 3888 499 3985 igitur
509 3887 718 3984 quibusdam
730 3889 952 3974 inhaeremus,
965 3912 1043 3985 quae
1053 3911 1123 3959 non
1135 3885 1285 3958 absimili

262 4009 421 4110 rubigine
435 4009 597 4107 squalent
609 4023 643 4084 et
657 4014 752 4085 senio
766 4023 963 4116 turpantur.
981 4009 1283 4097 Quemadmodum
