<?xml version="1.0" encoding="UTF-8"?>
<!DOCTYPE html PUBLIC "-//W3C//DTD XHTML 1.0 Transitional//EN"
    "http://www.w3.org/TR/xhtml1/DTD/xhtml1-transitional.dtd">
<html xmlns="http://www.w3.org/1999/xhtml" xml:lang="en" lang="en">
 <head>
  <title>
</title>
<meta http-equiv="Content-Type" content="text/html;charset=utf-8" />
  <meta name='ocr-system' content='tesseract 3.04.00' />
  <meta name='ocr-capabilities' content='ocr_page ocr_carea ocr_par ocr_line ocrx_word'/>
</head>
<body>
  <div class='ocr_page' id='page_1' title='image "./depoeticamtulli00fagugoog_0119.png"; bbox 0 0 2954 4776; ppageno 0'>
   <div class='ocr_carea' id='block_1_1' title="bbox 714 329 898 390">
    <p class='ocr_par' dir='ltr' id='par_1_1' title="bbox 714 329 898 390">
     <span class='ocr_line' id='line_1_1' title="bbox 714 329 898 390; baseline 0 -1"><span class='ocrx_word' id='word_1_1' title='bbox 714 329 898 390; x_wconf 66' lang='lat' dir='ltr'><strong>-iiE-</strong></span> 
     </span>
    </p>
   </div>
   <div class='ocr_carea' id='block_1_2' title="bbox 295 459 1316 683">
    <p class='ocr_par' dir='ltr' id='par_1_2' title="bbox 295 459 1316 683">
     <span class='ocr_line' id='line_1_2' title="bbox 296 459 1316 562; baseline -0.001 -24"><span class='ocrx_word' id='word_1_2' title='bbox 296 463 424 562; x_wconf 87' lang='lat' dir='ltr'><strong>ripides</strong></span> <span class='ocrx_word' id='word_1_3' title='bbox 441 474 580 546; x_wconf 81' lang='lat' dir='ltr'><strong>autem,</strong></span> <span class='ocrx_word' id='word_1_4' title='bbox 603 463 673 547; x_wconf 90' lang='lat' dir='ltr'><strong>ait,</strong></span> <span class='ocrx_word' id='word_1_5' title='bbox 693 471 732 534; x_wconf 88' lang='lat' dir='ltr'><strong>ut</strong></span> <span class='ocrx_word' id='word_1_6' title='bbox 746 461 857 534; x_wconf 84' lang='lat' dir='ltr'><strong>multa</strong></span> <span class='ocrx_word' id='word_1_7' title='bbox 880 459 1064 558; x_wconf 74' lang='lat' dir='ltr'><strong>praeclare,</strong></span> <span class='ocrx_word' id='word_1_8' title='bbox 1086 461 1217 536; x_wconf 82' lang='lat' dir='ltr'><strong>sichon</strong></span> <span class='ocrx_word' id='word_1_9' title='bbox 1236 463 1316 538; x_wconf 85' lang='lat' dir='ltr'><strong>bro·</strong></span> 
     </span>
     <span class='ocr_line' id='line_1_3' title="bbox 295 585 1237 683; baseline -0.001 -22"><span class='ocrx_word' id='word_1_10' title='bbox 295 589 396 662; x_wconf 83' lang='lat' dir='ltr'><strong>riter.</strong></span> <span class='ocrx_word' id='word_1_11' title='bbox 420 617 436 658; x_wconf 71' lang='lat' dir='ltr'><strong>s</strong></span> <span class='ocrx_word' id='word_1_12' title='bbox 461 589 632 660; x_wconf 70' lang='lat' dir='ltr'><strong>Caeterum</strong></span> <span class='ocrx_word' id='word_1_13' title='bbox 652 585 868 658; x_wconf 87' lang='lat' dir='ltr'><strong>summafide</strong></span> <span class='ocrx_word' id='word_1_14' title='bbox 884 609 1034 683; x_wconf 70' lang='lat' dir='ltr'><strong>graecum</strong></span> <span class='ocrx_word' id='word_1_15' title='bbox 1049 587 1237 660; x_wconf 82' lang='lat' dir='ltr'><strong>transtulit.</strong></span> 
     </span>
    </p>
   </div>
   <div class='ocr_carea' id='block_1_3' title="bbox 376 803 1107 888">
    <p class='ocr_par' dir='ltr' id='par_1_3' title="bbox 376 803 1107 888">
     <span class='ocr_line' id='line_1_4' title="bbox 376 803 1107 888; baseline -0.001 -23"><span class='ocrx_word' id='word_1_16' title='bbox 376 805 479 867; x_wconf 81' lang='lat' dir='ltr'><strong>iuravi</strong></span> <span class='ocrx_word' id='word_1_17' title='bbox 498 805 612 879; x_wconf 76' lang='lat' dir='ltr'><strong>lingua,</strong></span> <span class='ocrx_word' id='word_1_18' title='bbox 630 808 763 868; x_wconf 87' lang='lat' dir='ltr'><strong>mentem</strong></span> <span class='ocrx_word' id='word_1_19' title='bbox 780 804 943 884; x_wconf 81' lang='lat' dir='ltr'><strong>injuratum</strong></span> <span class='ocrx_word' id='word_1_20' title='bbox 960 823 1031 878; x_wconf 83' lang='lat' dir='ltr'><strong>gero</strong></span> <span class='ocrx_word' id='word_1_21' title='bbox 1053 803 1107 888; x_wconf 81' lang='lat' dir='ltr'><strong>(t).</strong></span> 
     </span>
    </p>
   </div>
   <div class='ocr_carea' id='block_1_4' title="bbox 296 1009 1316 1233">
    <p class='ocr_par' dir='ltr' id='par_1_4' title="bbox 296 1009 1316 1233">
     <span class='ocr_line' id='line_1_5' title="bbox 343 1009 1316 1108; baseline -0.001 -27"><span class='ocrx_word' id='word_1_22' title='bbox 343 1010 398 1082; x_wconf 91' lang='lat' dir='ltr'><strong>Sic</strong></span> <span class='ocrx_word' id='word_1_23' title='bbox 419 1011 613 1108; x_wconf 82' lang='lat' dir='ltr'>interpres:</span> <span class='ocrx_word' id='word_1_24' title='bbox 640 1039 656 1079; x_wconf 72' lang='lat' dir='ltr'><strong>r</strong></span> <span class='ocrx_word' id='word_1_25' title='bbox 677 1012 766 1084; x_wconf 89' lang='lat' dir='ltr'><strong>Scite</strong></span> <span class='ocrx_word' id='word_1_26' title='bbox 785 1011 878 1083; x_wconf 89' lang='lat' dir='ltr'><strong>enim</strong></span> <span class='ocrx_word' id='word_1_27' title='bbox 895 1009 1091 1107; x_wconf 82' lang='lat' dir='ltr'><strong>Euripides.</strong></span> <span class='ocrx_word' id='word_1_28' title='bbox 1114 1039 1131 1079; x_wconf 86' lang='lat'><strong>›</strong></span> <span class='ocrx_word' id='word_1_29' title='bbox 1157 1009 1316 1082; x_wconf 86' lang='lat' dir='ltr'><strong>Feliciter</strong></span> 
     </span>
     <span class='ocr_line' id='line_1_6' title="bbox 296 1137 570 1233; baseline 0.007 -27"><span class='ocrx_word' id='word_1_30' title='bbox 296 1145 330 1207; x_wconf 88' lang='lat' dir='ltr'><strong>et</strong></span> <span class='ocrx_word' id='word_1_31' title='bbox 347 1137 421 1233; x_wconf 89' lang='lat' dir='ltr'><strong>ipse</strong></span> <span class='ocrx_word' id='word_1_32' title='bbox 441 1137 570 1210; x_wconf 88' lang='lat' dir='ltr'><strong>Cicer0.</strong></span> 
     </span>
    </p>
   </div>
   <div class='ocr_carea' id='block_1_5' title="bbox 377 1329 1312 1414">
    <p class='ocr_par' dir='ltr' id='par_1_5' title="bbox 377 1329 1312 1414">
     <span class='ocr_line' id='line_1_7' title="bbox 377 1329 1312 1414; baseline -0.005 -17"><span class='ocrx_word' id='word_1_33' title='bbox 377 1335 457 1398; x_wconf 89' lang='lat' dir='ltr'><strong>Bene</strong></span> <span class='ocrx_word' id='word_1_34' title='bbox 475 1337 528 1414; x_wconf 86' lang='lat' dir='ltr'><strong>qui</strong></span> <span class='ocrx_word' id='word_1_35' title='bbox 547 1335 693 1413; x_wconf 77' lang='lat' dir='ltr'><strong>conjiciet,</strong></span> <span class='ocrx_word' id='word_1_36' title='bbox 711 1339 813 1398; x_wconf 80' lang='lat' dir='ltr'><strong>ratem</strong></span> <span class='ocrx_word' id='word_1_37' title='bbox 827 1334 910 1395; x_wconf 91' lang='lat' dir='ltr'><strong>hunc</strong></span> <span class='ocrx_word' id='word_1_38' title='bbox 923 1333 1078 1414; x_wconf 83' lang='lat' dir='ltr'><strong>perhibeto</strong></span> <span class='ocrx_word' id='word_1_39' title='bbox 1090 1333 1239 1411; x_wconf 90' lang='lat' dir='ltr'><strong>optimum</strong></span> <span class='ocrx_word' id='word_1_40' title='bbox 1257 1329 1312 1414; x_wconf 75' lang='lat'><strong>(2).</strong></span> 
     </span>
    </p>
   </div>
   <div class='ocr_carea' id='block_1_6' title="bbox 242 1533 1313 2376">
    <p class='ocr_par' dir='ltr' id='par_1_6' title="bbox 294 1533 1311 1882">
     <span class='ocr_line' id='line_1_8' title="bbox 342 1533 1311 1637; baseline -0.009 -24"><span class='ocrx_word' id='word_1_41' title='bbox 342 1541 481 1613; x_wconf 89' lang='lat' dir='ltr'><strong>Nullum</strong></span> <span class='ocrx_word' id='word_1_42' title='bbox 498 1551 673 1613; x_wconf 83' lang='lat' dir='ltr'><strong>auctorem</strong></span> <span class='ocrx_word' id='word_1_43' title='bbox 691 1539 841 1637; x_wconf 89' lang='lat' dir='ltr'><strong>appellat</strong></span> <span class='ocrx_word' id='word_1_44' title='bbox 859 1540 975 1611; x_wconf 91' lang='lat' dir='ltr'><strong>Cicero</strong></span> <span class='ocrx_word' id='word_1_45' title='bbox 993 1562 1002 1610; x_wconf 77' lang='grc' dir='ltr'><strong>ι</strong></span> <span class='ocrx_word' id='word_1_46' title='bbox 1029 1565 1045 1605; x_wconf 84' lang='lat'>‹</span> <span class='ocrx_word' id='word_1_47' title='bbox 1066 1540 1128 1608; x_wconf 90' lang='lat' dir='ltr'><strong>Est</strong></span> <span class='ocrx_word' id='word_1_48' title='bbox 1146 1533 1311 1632; x_wconf 89' lang='lat' dir='ltr'><strong>quidam,</strong></span> 
     </span>
     <span class='ocr_line' id='line_1_9' title="bbox 294 1661 1306 1761; baseline -0.008 -25"><span class='ocrx_word' id='word_1_49' title='bbox 294 1664 361 1750; x_wconf 92' lang='lat' dir='ltr'><strong>ait,</strong></span> <span class='ocrx_word' id='word_1_50' title='bbox 381 1687 513 1761; x_wconf 75' lang='lat' dir='ltr'><strong>graecus</strong></span> <span class='ocrx_word' id='word_1_51' title='bbox 540 1663 690 1760; x_wconf 79' lang='lat' dir='ltr'><strong>vulgaris</strong></span> <span class='ocrx_word' id='word_1_52' title='bbox 716 1665 752 1734; x_wconf 91' lang='lat' dir='ltr'><strong>in</strong></span> <span class='ocrx_word' id='word_1_53' title='bbox 776 1662 865 1734; x_wconf 90' lang='lat' dir='ltr'><strong>hanc</strong></span> <span class='ocrx_word' id='word_1_54' title='bbox 891 1661 1098 1735; x_wconf 89' lang='lat' dir='ltr'><strong>sententiam</strong></span> <span class='ocrx_word' id='word_1_55' title='bbox 1127 1683 1262 1731; x_wconf 88' lang='lat' dir='ltr'><strong>versus.</strong></span> <span class='ocrx_word' id='word_1_56' title='bbox 1289 1686 1306 1726; x_wconf 86' lang='lat'><strong>›</strong></span> 
     </span>
     <span class='ocr_line' id='line_1_10' title="bbox 295 1786 737 1882; baseline -0.007 -24"><span class='ocrx_word' id='word_1_57' title='bbox 295 1788 405 1873; x_wconf 89' lang='lat' dir='ltr'><strong>Quem</strong></span> <span class='ocrx_word' id='word_1_58' title='bbox 422 1809 541 1882; x_wconf 89' lang='lat' dir='ltr'><strong>presse</strong></span> <span class='ocrx_word' id='word_1_59' title='bbox 558 1786 737 1858; x_wconf 88' lang='lat' dir='ltr'><strong>convertit.</strong></span> 
     </span>
    </p>

    <p class='ocr_par' dir='ltr' id='par_1_7' title="bbox 242 1905 1313 2376">
     <span class='ocr_line' id='line_1_11' title="bbox 343 1905 1313 2006; baseline -0.006 -26"><span class='ocrx_word' id='word_1_60' title='bbox 343 1909 405 1980; x_wconf 90' lang='lat' dir='ltr'><strong>Illa</strong></span> <span class='ocrx_word' id='word_1_61' title='bbox 421 1919 557 1980; x_wconf 91' lang='lat' dir='ltr'><strong>tantum</strong></span> <span class='ocrx_word' id='word_1_62' title='bbox 576 1910 612 1980; x_wconf 93' lang='lat' dir='ltr'><strong>in</strong></span> <span class='ocrx_word' id='word_1_63' title='bbox 634 1909 774 2006; x_wconf 89' lang='lat' dir='ltr'><strong>propria</strong></span> <span class='ocrx_word' id='word_1_64' title='bbox 792 1909 964 1985; x_wconf 85' lang='lat' dir='ltr'><strong>Ciceronis</strong></span> <span class='ocrx_word' id='word_1_65' title='bbox 980 1907 1089 1979; x_wconf 86' lang='lat' dir='ltr'><strong>Bothe</strong></span> <span class='ocrx_word' id='word_1_66' title='bbox 1116 1905 1252 2001; x_wconf 87' lang='lat' dir='ltr'><strong>recipit,</strong></span> <span class='ocrx_word' id='word_1_67' title='bbox 1275 1914 1313 1975; x_wconf 88' lang='lat' dir='ltr'><strong>et</strong></span> 
     </span>
     <span class='ocr_line' id='line_1_12' title="bbox 242 2007 1310 2128; baseline -0.003 -27"><span class='ocrx_word' id='word_1_68' title='bbox 242 2007 245 2012; x_wconf 23' lang='grc' dir='ltr'>Ι</span> <span class='ocrx_word' id='word_1_69' title='bbox 293 2029 394 2127; x_wconf 88' lang='lat' dir='ltr'><strong>plura</strong></span> <span class='ocrx_word' id='word_1_70' title='bbox 416 2054 539 2117; x_wconf 90' lang='lat' dir='ltr'><strong>nemo,</strong></span> <span class='ocrx_word' id='word_1_71' title='bbox 561 2055 665 2127; x_wconf 91' lang='lat' dir='ltr'><strong>quem</strong></span> <span class='ocrx_word' id='word_1_72' title='bbox 693 2032 833 2128; x_wconf 88' lang='lat' dir='ltr'><strong>quidem</strong></span> <span class='ocrx_word' id='word_1_73' title='bbox 859 2030 1038 2115; x_wconf 89' lang='lat' dir='ltr'><strong>noverim,</strong></span> <span class='ocrx_word' id='word_1_74' title='bbox 1069 2027 1221 2100; x_wconf 85' lang='lat' dir='ltr'><strong>admisit.</strong></span> <span class='ocrx_word' id='word_1_75' title='bbox 1245 2027 1310 2098; x_wconf 90' lang='lat' dir='ltr'><strong>Hic</strong></span> 
     </span>
     <span class='ocr_line' id='line_1_13' title="bbox 294 2155 1312 2254; baseline -0.002 -28"><span class='ocrx_word' id='word_1_76' title='bbox 294 2166 411 2227; x_wconf 86' lang='lat' dir='ltr'><strong>tumen</strong></span> <span class='ocrx_word' id='word_1_77' title='bbox 437 2157 490 2228; x_wconf 84' lang='lat' dir='ltr'><strong>vir</strong></span> <span class='ocrx_word' id='word_1_78' title='bbox 512 2157 689 2254; x_wconf 84' lang='lat' dir='ltr'><strong>egregius,</strong></span> <span class='ocrx_word' id='word_1_79' title='bbox 710 2156 832 2228; x_wconf 91' lang='lat' dir='ltr'><strong>eadem</strong></span> <span class='ocrx_word' id='word_1_80' title='bbox 855 2156 988 2227; x_wconf 88' lang='lat' dir='ltr'><strong>ratione</strong></span> <span class='ocrx_word' id='word_1_81' title='bbox 1005 2178 1074 2250; x_wconf 90' lang='lat' dir='ltr'><strong>qua</strong></span> <span class='ocrx_word' id='word_1_82' title='bbox 1091 2155 1220 2250; x_wconf 91' lang='lat' dir='ltr'><strong>priora,</strong></span> <span class='ocrx_word' id='word_1_83' title='bbox 1239 2176 1312 2249; x_wconf 92' lang='lat' dir='ltr'><strong>po-</strong></span> 
     </span>
     <span class='ocr_line' id='line_1_14' title="bbox 294 2276 1310 2376; baseline -0.003 -26"><span class='ocrx_word' id='word_1_84' title='bbox 294 2279 360 2350; x_wconf 92' lang='lat' dir='ltr'><strong>tuit</strong></span> <span class='ocrx_word' id='word_1_85' title='bbox 373 2277 440 2349; x_wconf 91' lang='lat' dir='ltr'><strong>alia</strong></span> <span class='ocrx_word' id='word_1_86' title='bbox 451 2279 611 2374; x_wconf 76' lang='lat' dir='ltr'><strong>quadarn</strong></span> <span class='ocrx_word' id='word_1_87' title='bbox 629 2278 774 2375; x_wconf 90' lang='lat' dir='ltr'><strong>probare</strong></span> <span class='ocrx_word' id='word_1_88' title='bbox 792 2290 826 2351; x_wconf 89' lang='lat' dir='ltr'><strong>et</strong></span> <span class='ocrx_word' id='word_1_89' title='bbox 842 2302 1041 2376; x_wconf 82' lang='lat' dir='ltr'><strong>agnoscere.</strong></span> <span class='ocrx_word' id='word_1_90' title='bbox 1057 2280 1126 2350; x_wconf 87' lang='lat' dir='ltr'><strong>Cur</strong></span> <span class='ocrx_word' id='word_1_91' title='bbox 1143 2277 1238 2348; x_wconf 87' lang='lat' dir='ltr'><strong>enim</strong></span> <span class='ocrx_word' id='word_1_92' title='bbox 1255 2276 1310 2349; x_wconf 91' lang='lat' dir='ltr'><strong>in·</strong></span> 
     </span>
    </p>
   </div>
   <div class='ocr_carea' id='block_1_7' title="bbox 293 2399 987 2473">
    <p class='ocr_par' dir='ltr' id='par_1_8' title="bbox 293 2399 987 2473">
     <span class='ocr_line' id='line_1_15' title="bbox 293 2399 987 2473; baseline -0.001 -1"><span class='ocrx_word' id='word_1_93' title='bbox 293 2411 346 2472; x_wconf 87' lang='lat' dir='ltr'><strong>ter</strong></span> <span class='ocrx_word' id='word_1_94' title='bbox 360 2402 491 2473; x_wconf 88' lang='lat' dir='ltr'><strong>incerte</strong></span> <span class='ocrx_word' id='word_1_95' title='bbox 506 2399 667 2472; x_wconf 89' lang='lat' dir='ltr'><strong>deturbat</strong></span> <span class='ocrx_word' id='word_1_96' title='bbox 685 2400 758 2472; x_wconf 79' lang='lat' dir='ltr'><strong>haec</strong></span> <span class='ocrx_word' id='word_1_97' title='bbox 775 2402 956 2473; x_wconf 89' lang='lat' dir='ltr'><strong>notissima</strong></span> <span class='ocrx_word' id='word_1_98' title='bbox 974 2403 987 2472; x_wconf 71' lang='grc' dir='ltr'><strong>ε’</strong></span> 
     </span>
    </p>
   </div>
   <div class='ocr_carea' id='block_1_8' title="bbox 372 2594 1149 2896">
    <p class='ocr_par' dir='ltr' id='par_1_9' title="bbox 372 2594 1149 2896">
     <span class='ocr_line' id='line_1_16' title="bbox 372 2594 1149 2672; baseline 0.004 -17"><span class='ocrx_word' id='word_1_99' title='bbox 372 2594 478 2672; x_wconf 85' lang='lat' dir='ltr'><strong>Neque</strong></span> <span class='ocrx_word' id='word_1_100' title='bbox 496 2597 558 2654; x_wconf 85' lang='lat' dir='ltr'><strong>tam</strong></span> <span class='ocrx_word' id='word_1_101' title='bbox 572 2594 712 2655; x_wconf 84' lang='lat' dir='ltr'><strong>terribilis</strong></span> <span class='ocrx_word' id='word_1_102' title='bbox 731 2595 794 2655; x_wconf 88' lang='lat' dir='ltr'><strong>ulla</strong></span> <span class='ocrx_word' id='word_1_103' title='bbox 812 2594 902 2656; x_wconf 75' lang='lat' dir='ltr'><strong>fando</strong></span> <span class='ocrx_word' id='word_1_104' title='bbox 916 2597 1010 2657; x_wconf 87' lang='lat' dir='ltr'><strong>oratio</strong></span> <span class='ocrx_word' id='word_1_105' title='bbox 1027 2602 1082 2671; x_wconf 88' lang='lat' dir='ltr'><strong>est,</strong></span> <span class='ocrx_word' id='word_1_106' title='bbox 1143 2655 1149 2667; x_wconf 87' lang='grc'><strong>,</strong></span> 
     </span>
     <span class='ocr_line' id='line_1_17' title="bbox 373 2700 1104 2780; baseline 0.005 -19"><span class='ocrx_word' id='word_1_107' title='bbox 373 2700 436 2762; x_wconf 90' lang='lat' dir='ltr'><strong>Nec</strong></span> <span class='ocrx_word' id='word_1_108' title='bbox 450 2700 521 2776; x_wconf 83' lang='lat' dir='ltr'><strong>fors,</strong></span> <span class='ocrx_word' id='word_1_109' title='bbox 538 2719 593 2762; x_wconf 92' lang='lat' dir='ltr'><strong>nec</strong></span> <span class='ocrx_word' id='word_1_110' title='bbox 605 2703 650 2764; x_wconf 92' lang='lat' dir='ltr'><strong>ira</strong></span> <span class='ocrx_word' id='word_1_111' title='bbox 662 2703 797 2764; x_wconf 88' lang='lat' dir='ltr'><strong>coelitum</strong></span> <span class='ocrx_word' id='word_1_112' title='bbox 812 2705 963 2766; x_wconf 80' lang='lat' dir='ltr'><strong>invectum</strong></span> <span class='ocrx_word' id='word_1_113' title='bbox 978 2705 1104 2780; x_wconf 88' lang='lat' dir='ltr'><strong>malum,</strong></span> 
     </span>
     <span class='ocr_line' id='line_1_18' title="bbox 373 2808 1130 2896; baseline 0.003 -24"><span class='ocrx_word' id='word_1_114' title='bbox 373 2808 461 2896; x_wconf 88' lang='lat' dir='ltr'><strong>Quod</strong></span> <span class='ocrx_word' id='word_1_115' title='bbox 474 2830 535 2872; x_wconf 93' lang='lat' dir='ltr'><strong>non</strong></span> <span class='ocrx_word' id='word_1_116' title='bbox 549 2816 658 2872; x_wconf 85' lang='lat' dir='ltr'><strong>natura</strong></span> <span class='ocrx_word' id='word_1_117' title='bbox 672 2812 806 2874; x_wconf 88' lang='lat' dir='ltr'><strong>humana</strong></span> <span class='ocrx_word' id='word_1_118' title='bbox 820 2813 960 2891; x_wconf 89' lang='lat' dir='ltr'><strong>patiendo</strong></span> <span class='ocrx_word' id='word_1_119' title='bbox 972 2812 1049 2875; x_wconf 85' lang='lat' dir='ltr'><strong>ierat</strong></span> <span class='ocrx_word' id='word_1_120' title='bbox 1067 2811 1130 2895; x_wconf 77' lang='lat' dir='ltr'><strong>(3)t</strong></span> 
     </span>
    </p>
   </div>
   <div class='ocr_carea' id='block_1_9' title="bbox 291 3021 1311 3738">
    <p class='ocr_par' dir='ltr' id='par_1_10' title="bbox 291 3021 1311 3738">
     <span class='ocr_line' id='line_1_19' title="bbox 291 3021 1311 3120; baseline 0.005 -28"><span class='ocrx_word' id='word_1_121' title='bbox 291 3023 413 3094; x_wconf 91' lang='lat' dir='ltr'><strong>Nonne</strong></span> <span class='ocrx_word' id='word_1_122' title='bbox 429 3021 550 3094; x_wconf 88' lang='lat' dir='ltr'><strong>laudat</strong></span> <span class='ocrx_word' id='word_1_123' title='bbox 566 3024 768 3120; x_wconf 85' lang='lat' dir='ltr'><strong>Euripidem</strong></span> <span class='ocrx_word' id='word_1_124' title='bbox 785 3025 924 3110; x_wconf 84' lang='lat' dir='ltr'><strong>Cicero,</strong></span> <span class='ocrx_word' id='word_1_125' title='bbox 944 3048 1053 3119; x_wconf 91' lang='lat' dir='ltr'><strong>quum</strong></span> <span class='ocrx_word' id='word_1_126' title='bbox 1071 3024 1155 3097; x_wconf 89' lang='lat' dir='ltr'><strong>dicit</strong></span> <span class='ocrx_word' id='word_1_127' title='bbox 1173 3049 1182 3097; x_wconf 74' lang='grc' dir='ltr'><strong><em>ε</em></strong></span> <span class='ocrx_word' id='word_1_128' title='bbox 1207 3052 1223 3091; x_wconf 90' lang='lat'>‹</span> <span class='ocrx_word' id='word_1_129' title='bbox 1243 3026 1311 3096; x_wconf 89' lang='lat' dir='ltr'><strong>lta·</strong></span> 
     </span>
     <span class='ocr_line' id='line_1_20' title="bbox 292 3146 1311 3244; baseline 0.005 -28"><span class='ocrx_word' id='word_1_130' title='bbox 292 3167 360 3242; x_wconf 91' lang='lat' dir='ltr'><strong>que</strong></span> <span class='ocrx_word' id='word_1_131' title='bbox 372 3168 443 3217; x_wconf 90' lang='lat' dir='ltr'><strong>non</strong></span> <span class='ocrx_word' id='word_1_132' title='bbox 466 3146 540 3216; x_wconf 88' lang='lat' dir='ltr'><strong>sine</strong></span> <span class='ocrx_word' id='word_1_133' title='bbox 558 3169 682 3232; x_wconf 88' lang='lat' dir='ltr'><strong>causa,</strong></span> <span class='ocrx_word' id='word_1_134' title='bbox 702 3171 810 3244; x_wconf 90' lang='lat' dir='ltr'><strong>quum</strong></span> <span class='ocrx_word' id='word_1_135' title='bbox 827 3150 985 3220; x_wconf 88' lang='lat' dir='ltr'><strong>Orestem</strong></span> <span class='ocrx_word' id='word_1_136' title='bbox 1000 3147 1154 3220; x_wconf 85' lang='lat' dir='ltr'><strong>fabulam</strong></span> <span class='ocrx_word' id='word_1_137' title='bbox 1169 3147 1311 3221; x_wconf 88' lang='lat' dir='ltr'><strong>doceret</strong></span> 
     </span>
     <span class='ocr_line' id='line_1_21' title="bbox 291 3268 1310 3367; baseline 0.004 -25"><span class='ocrx_word' id='word_1_138' title='bbox 291 3268 497 3367; x_wconf 84' lang='lat' dir='ltr'><strong>Euripides,</strong></span> <span class='ocrx_word' id='word_1_139' title='bbox 517 3269 646 3365; x_wconf 89' lang='lat' dir='ltr'><strong>primos</strong></span> <span class='ocrx_word' id='word_1_140' title='bbox 668 3280 738 3342; x_wconf 92' lang='lat' dir='ltr'><strong>tres</strong></span> <span class='ocrx_word' id='word_1_141' title='bbox 756 3294 877 3342; x_wconf 85' lang='lat' dir='ltr'><strong>versus</strong></span> <span class='ocrx_word' id='word_1_142' title='bbox 894 3294 1073 3342; x_wconf 83' lang='lat' dir='ltr'><strong>revocasse</strong></span> <span class='ocrx_word' id='word_1_143' title='bbox 1095 3271 1221 3344; x_wconf 91' lang='lat' dir='ltr'><strong>dicitur</strong></span> <span class='ocrx_word' id='word_1_144' title='bbox 1238 3275 1310 3346; x_wconf 92' lang='lat' dir='ltr'><strong>So-</strong></span> 
     </span>
     <span class='ocr_line' id='line_1_22' title="bbox 292 3390 1310 3480; baseline 0.002 -15"><span class='ocrx_word' id='word_1_145' title='bbox 292 3390 431 3466; x_wconf 80' lang='lat' dir='ltr'><strong>crates?</strong></span> <span class='ocrx_word' id='word_1_146' title='bbox 450 3421 466 3461; x_wconf 74' lang='lat' dir='ltr'><strong>r</strong></span> <span class='ocrx_word' id='word_1_147' title='bbox 490 3395 681 3480; x_wconf 82' lang='lat' dir='ltr'><strong>Caeterum,</strong></span> <span class='ocrx_word' id='word_1_148' title='bbox 702 3393 841 3466; x_wconf 87' lang='lat' dir='ltr'><strong>laudato</strong></span> <span class='ocrx_word' id='word_1_149' title='bbox 863 3395 1056 3480; x_wconf 74' lang='lat' dir='ltr'><strong>Fusciano,</strong></span> <span class='ocrx_word' id='word_1_150' title='bbox 1075 3395 1189 3468; x_wconf 89' lang='lat' dir='ltr'><strong>locum</strong></span> <span class='ocrx_word' id='word_1_151' title='bbox 1207 3419 1229 3466; x_wconf 89' lang='lat' dir='ltr'><strong>a</strong></span> <span class='ocrx_word' id='word_1_152' title='bbox 1245 3397 1310 3468; x_wconf 88' lang='lat' dir='ltr'><strong>Ci-</strong></span> 
     </span>
     <span class='ocr_line' id='line_1_23' title="bbox 291 3516 1307 3614; baseline 0.003 -27"><span class='ocrx_word' id='word_1_153' title='bbox 291 3539 414 3588; x_wconf 90' lang='lat' dir='ltr'><strong>cerone</strong></span> <span class='ocrx_word' id='word_1_154' title='bbox 430 3539 635 3589; x_wconf 88' lang='lat' dir='ltr'><strong>conversum</strong></span> <span class='ocrx_word' id='word_1_155' title='bbox 651 3516 757 3589; x_wconf 82' lang='lat' dir='ltr'><strong>fuisse</strong></span> <span class='ocrx_word' id='word_1_156' title='bbox 769 3523 842 3614; x_wconf 90' lang='lat' dir='ltr'><strong>jam</strong></span> <span class='ocrx_word' id='word_1_157' title='bbox 865 3517 1158 3591; x_wconf 88' lang='lat' dir='ltr'><strong>confirmavimus.</strong></span> <span class='ocrx_word' id='word_1_158' title='bbox 1179 3520 1218 3588; x_wconf 86' lang='lat' dir='ltr'><strong>in</strong></span> <span class='ocrx_word' id='word_1_159' title='bbox 1236 3542 1307 3614; x_wconf 92' lang='lat' dir='ltr'><strong>quo</strong></span> 
     </span>
     <span class='ocr_line' id='line_1_24' title="bbox 291 3637 1303 3738; baseline 0.003 -28"><span class='ocrx_word' id='word_1_160' title='bbox 291 3637 436 3711; x_wconf 85' lang='lat' dir='ltr'><strong>fortasse</strong></span> <span class='ocrx_word' id='word_1_161' title='bbox 448 3664 519 3713; x_wconf 92' lang='lat' dir='ltr'><strong>non</strong></span> <span class='ocrx_word' id='word_1_162' title='bbox 530 3640 705 3737; x_wconf 87' lang='lat' dir='ltr'><strong>Euripidis</strong></span> <span class='ocrx_word' id='word_1_163' title='bbox 722 3663 780 3714; x_wconf 88' lang='lat' dir='ltr'><strong>ora</strong></span> <span class='ocrx_word' id='word_1_164' title='bbox 791 3639 938 3713; x_wconf 89' lang='lat' dir='ltr'><strong>rotundo</strong></span> <span class='ocrx_word' id='word_1_165' title='bbox 952 3639 1104 3736; x_wconf 87' lang='lat' dir='ltr'><strong>loquitur</strong></span> <span class='ocrx_word' id='word_1_166' title='bbox 1118 3642 1303 3738; x_wconf 87' lang='lat' dir='ltr'><strong>interpres;</strong></span> 
     </span>
    </p>
   </div>
   <div class='ocr_carea' id='block_1_10' title="bbox 327 3895 1303 4159">
    <p class='ocr_par' dir='ltr' id='par_1_11' title="bbox 327 3895 1303 4159">
     <span class='ocr_line' id='line_1_25' title="bbox 328 3895 631 3969; baseline 0.003 -17"><span class='ocrx_word' id='word_1_167' title='bbox 328 3897 365 3966; x_wconf 77' lang='grc' dir='ltr'><strong>μ)</strong></span> <span class='ocrx_word' id='word_1_168' title='bbox 379 3895 631 3969; x_wconf 64' lang='lat' dir='ltr'><strong>montoranto.</strong></span> 
     </span>
     <span class='ocr_line' id='line_1_26' title="bbox 327 3991 1303 4066; baseline 0.003 -16"><span class='ocrx_word' id='word_1_169' title='bbox 327 3992 364 4060; x_wconf 77' lang='lat'><strong>(2)</strong></span> <span class='ocrx_word' id='word_1_170' title='bbox 376 3991 478 4059; x_wconf 85' lang='lat' dir='ltr'><strong>Cicero,</strong></span> <span class='ocrx_word' id='word_1_171' title='bbox 484 3991 693 4063; x_wconf 76' lang='lat' dir='ltr'><strong>Ecdicioot.,2‚</strong></span> <span class='ocrx_word' id='word_1_172' title='bbox 702 3994 775 4051; x_wconf 82' lang='lat' dir='ltr'><strong>5.Ci.</strong></span> <span class='ocrx_word' id='word_1_173' title='bbox 782 3994 914 4060; x_wconf 70' lang='lat' dir='ltr'><strong>corson„</strong></span> <span class='ocrx_word' id='word_1_174' title='bbox 923 3993 1026 4050; x_wconf 82' lang='lat' dir='ltr'><strong>incerto</strong></span> <span class='ocrx_word' id='word_1_175' title='bbox 1034 3993 1121 4053; x_wconf 80' lang='lat' dir='ltr'><strong>drom.</strong></span> <span class='ocrx_word' id='word_1_176' title='bbox 1129 3994 1303 4066; x_wconf 74' lang='lat' dir='ltr'><strong>Enrip.,·t⁰5.</strong></span> 
     </span>
     <span class='ocr_line' id='line_1_27' title="bbox 328 4083 824 4159; baseline -0.016 -8"><span class='ocrx_word' id='word_1_177' title='bbox 328 4083 365 4150; x_wconf 84' lang='lat' dir='ltr'><strong>ta</strong></span> <span class='ocrx_word' id='word_1_178' title='bbox 377 4083 418 4145; x_wconf 79' lang='lat' dir='ltr'><strong>ct.</strong></span> <span class='ocrx_word' id='word_1_179' title='bbox 431 4084 563 4157; x_wconf 74' lang='lat' dir='ltr'><strong>consen,</strong></span> <span class='ocrx_word' id='word_1_180' title='bbox 578 4085 705 4159; x_wconf 67' lang='lat' dir='ltr'><strong>orata,</strong></span> <span class='ocrx_word' id='word_1_181' title='bbox 717 4101 786 4146; x_wconf 78' lang='lat' dir='ltr'><strong>vas.</strong></span> <span class='ocrx_word' id='word_1_182' title='bbox 798 4093 824 4144; x_wconf 81' lang='lat' dir='ltr'><strong>r.</strong></span> 
     </span>
    </p>
   </div>
   <div class='ocr_carea' id='block_1_11' title="bbox 360 4414 1213 4756">
    <p class='ocr_par' dir='ltr' id='par_1_12' title="bbox 360 4289 1213 4756">
     <span class='ocr_line' id='line_1_28' title="bbox 360 4414 1213 4756; baseline -0.001 0"><span class='ocrx_word' id='word_1_183' title='bbox 360 4414 1213 4756; x_wconf 60' lang='lat' dir='ltr'><strong>Ara}</strong></span> 
     </span>
    </p>
   </div>
   <div class='ocr_carea' id='block_1_12' title="bbox 0 0 1482 4776">
    <p class='ocr_par' dir='ltr' id='par_1_13' title="bbox 0 0 1482 4776">
     <span class='ocr_line' id='line_1_29' title="bbox 0 0 1482 4776; baseline 0 1"><span class='ocrx_word' id='word_1_184' title='bbox 0 0 1482 4776; x_wconf 95' lang='lat' dir='ltr'><strong> </strong></span> 
     </span>
    </p>
   </div>
  </div>
 </body>
</html>
