2966 4776
587 357 623 368 .-
648 321 751 382 65-

164 455 377 540 sumefficit;
401 436 686 550 nam'Aquarium
697 465 732 526 ct
742 455 989 551 Capricornum
1002 458 1182 533 conferens

163 575 305 662 Aratus,
321 575 422 648 illum
435 577 662 673 posteriorem
673 577 775 662 oriri,
797 576 890 651 hunc
904 591 1020 658 autem
1031 582 1183 678 priorem

162 723 304 798 vergere
331 699 444 774 docet.
472 701 555 785 Quae
578 701 745 774 tumidius
771 726 876 799 quam
904 704 1102 780 adstrictius
1127 705 1183 780 his

164 823 300 899 duobus
317 826 433 898 Cicero
446 826 637 900 convertit:

289 1065 291 1074 ι
328 1023 442 1100 Quam,
460 1022 605 1100 gelidum,
624 1029 682 1086 etc.

213 1211 342 1284 Cetera
353 1217 486 1309 majore
495 1210 565 1284 tide
580 1221 615 1283 et
628 1209 817 1308 elegantia,
836 1231 947 1309 greco
959 1232 1023 1284 nec
1039 1209 1186 1310 imparia

164 1332 293 1406 fluunt.
321 1337 403 1407 Tres
421 1336 525 1407 etiam
550 1321 691 1434 ultimos
717 1359 860 1422 versus,
882 1348 1076 1410 extremum
1092 1363 1187 1435 prae-

165 1460 306 1546 sertim,
322 1459 549 1536 admiratione
566 1485 873 1558 prosequeremur,
887 1463 955 1534 nisi
969 1475 1077 1560 poetae
1086 1465 1187 1562 graeci

166 1592 285 1654 tenera
306 1585 482 1656 miseratio
502 1608 565 1657 nos
590 1586 702 1682 magis
723 1597 975 1672 commoveret;
997 1593 1095 1685 cujus
1115 1586 1188 1659 hac

163 1709 271 1782 verba
287 1721 385 1797 sunt,
404 1711 449 1784 ad
470 1712 676 1807 exemplaris
694 1711 852 1784 ordinem
870 1725 904 1784 et
919 1711 1116 1787 absolutam
1135 1714 1188 1786 si·
1256 1765 1260 1774 -

166 1834 399 1910 militudinem
416 1838 608 1934 composita
630 1836 678 1933 (1)
698 1862 707 1909 :

611 2031 831 2095 Verumtamen

173 2169 175 2176 ·
247 2139 311 2218 jam
321 2141 421 2200 totum
437 2156 552 2200 annum
564 2138 620 2200 sub
637 2141 745 2200 carinis
757 2157 841 2201 marc

251 2248 414 2321 nigrescit:
439 2247 549 2308 similes
563 2251 668 2309 autem
681 2248 871 2310 urinantibus
885 2247 1014 2322 mergis,

248 2357 356 2436 saepius
368 2375 385 2417 e
399 2356 525 2416 navibus
537 2360 664 2436 pontum
680 2357 954 2436 circumspicientes

249 2465 405 2540 semmua,
423 2466 461 2528 ad
476 2465 578 2528 littora
593 2466 748 2540 conuersi3
768 2465 835 2526 haec
848 2481 920 2526 vero
936 2461 1040 2543 procul

251 2576 427 2651 alluuntur;
444 2575 598 2637 modicum
617 2578 720 2636 autem
739 2574 857 2648 lignum
871 2577 1001 2635 mortem
1016 2575 1108 2635 arcet.

221 2782 261 2851 ln
273 2779 340 2851 illis
351 2779 462 2851 trihus
478 2803 644 2851 versuum
658 2779 847 2862 artificem,
867 2779 1018 2874 peritum
1035 2774 1190 2874 quidem,

171 2907 413 3004 agnoscimus;
433 2905 470 2976 in
484 2903 539 2975 his
553 2914 669 2988 autem
689 2903 859 2974 sentimus
877 2913 1039 2999 poetam,
1058 2901 1113 2973 cui
1129 2924 1194 2973 co-

169 3030 260 3105 lores
278 3030 493 3130 excogitandi
510 3030 584 3116 vis,
608 3041 642 3103 ct
663 3053 786 3102 sensus
803 3040 941 3102 teneros
957 3028 1191 3125 pietatemque

172 3155 299 3227 sufficit
315 3157 465 3228 animus.

221 3281 336 3365 Quum
354 3280 412 3353 hic
435 3279 627 3378 presertim
658 3302 699 3351 ea
725 3276 869 3350 laudare
900 3265 1126 3360 studeamus,
1152 3275 1189 3344 in

173 3403 299 3499 quibus
314 3402 397 3475 talia
414 3411 602 3500 suppetant
617 3397 948 3481 animadvertenda,
967 3399 1096 3468 Canem
1109 3419 1198 3508 prce-¹

172 3529 422 3615 termittentes,
441 3529 478 3600 in
497 3529 590 3626 Argo
609 3527 802 3623 proximam
819 3522 1004 3595 incidimus
1026 3548 1034 3594 :

252 3728 295 3790 At
305 3725 393 3788 Canis
405 3725 443 3788 ad
456 3725 584 3816 caudam
597 3742 719 3804 serpens
730 3723 904 3803 praelabitur
918 3723 1017 3797 Argo,

254 3831 434 3924 conversam
447 3852 510 3915 pra
524 3851 555 3896 sc
566 3837 688 3914 portans
705 3850 776 3894 cum
788 3830 904 3894 lumine
918 3831 1043 3913 puppim
1057 3849 1065 3890 z
1148 3884 1150 3889 .

211 4063 248 4132 (d)
267 4063 338 4122 Edit.
354 4065 444 4132 umet,
456 4081 483 4123 v.
498 4068 562 4124 aot.

1014 4161 1033 4217 5
