2954 4776
704 335 890 395 ..108-

284 468 521 568 permiscuen't
537 479 594 555 ut,
609 469 650 540 in
671 467 850 540 Tusculanis
869 475 1002 539 certum
1017 464 1102 537 Attii
1119 465 1307 564 fingmen-

285 609 360 671 tum
376 599 571 695 reperiens,
590 596 736 668 alterum
753 597 857 668 etiem
874 592 987 666 eidem
1000 593 1195 690 indiligenti
1209 593 1308 665 iesti-

286 726 429 798 netr'cnc
446 723 619 796 tribuerit.

335 851 371 920 Si
395 871 476 921 vero
494 851 628 918 solutum
656 847 871 916 Prometheum
895 844 1010 915 Attius
1038 841 1169 926 edidit,
1199 839 1306 912 talem

286 975 381 1046 enim
403 974 439 1044 in
464 972 659 1070 fragmento
674 971 810 1042 versari·
826 969 900 1041 haec
919 968 1089 1065 praecipuc
1105 965 1212 1038 verbe
1238 966 1307 1039 de-
1333 1049 1336 1054 A

189 1168 192 1172 ,
287 1109 505 1172 monstrant:

371 1332 388 1372 u
404 1309 505 1388 Atque
523 1311 588 1372 haec
600 1313 740 1382 vetuste,
758 1307 850 1370 saeclis
866 1307 1031 1381 glomerata
1047 1307 1189 1380 horridis,
1207 1309 1267 1366 etc.
1285 1321 1303 1364 u

286 1516 402 1590 locum
416 1527 533 1587 tamen
550 1539 613 1587 suo
626 1521 704 1612 Jure
717 1515 834 1586 Cicero
849 1513 1018 1598 vindicat,
1040 1513 1167 1608 quippe
1185 1512 1247 1607 qui
1262 1509 1306 1582 ab

286 1642 381 1714 Attio
409 1641 668 1740 conversionem
699 1648 875 1734 acceptam
903 1638 952 1708 ita
981 1635 1245 1709 commutaverit
1273 1645 1309 1705 et

287 1765 484 1862 expolierit‚
515 1775 554 1836 ut
583 1765 734 1861 priorem
761 1763 985 1859 interpretem
1016 1785 1087 1834 non
1121 1783 1304 1857 agnosces.

287 1890 358 1961 Aut
371 1890 506 1986 potius,
529 1914 596 1986 quo
615 1913 711 1961 more
726 1890 763 1960 in
780 1890 874 1961 Livio
892 1887 1110 1971 Andronico,
1131 1877 1253 1957 ecdem
1270 1894 1307 1956 et

286 2015 324 2086 in
339 2015 434 2086 Attio
463 2014 664 2088 Ciceronem
687 2037 724 2084 se
746 2035 865 2110 gerere
893 2009 1169 2083 crediderimus:
1188 2008 1307 2080 Livius

286 2140 480 2239 Odysseam
499 2165 541 2212 ex
560 2142 710 2212 Homero
726 2161 929 2210 conversam
942 2137 1101 2232 reliquit;
1115 2136 1231 2232 ipsum
1248 2144 1310 2205 te-

287 2289 367 2337 men
382 2269 571 2337 Homerum
585 2287 783 2362 eggressus,
800 2263 919 2334 Cicero
935 2261 1022 2332 nihil
1039 2271 1232 2347 mutuetur,
1247 2259 1311 2332 sed

288 2390 362 2485 ipse
379 2413 441 2461 suo
461 2387 575 2460 fundit
589 2387 726 2483 ingenio
743 2411 752 2458 :

534 2634 552 2674 u
566 2611 592 2674 Ο
605 2613 696 2674 decus
710 2612 896 2686 argolicum,
914 2614 971 2672 etc.
981 2629 999 2670 o

339 2819 432 2892 Licet
449 2819 567 2917 igitur,
587 2830 674 2892 teste
692 2822 822 2906 Nonio,
848 2823 1059 2892 Prometheum
1079 2817 1233 2916 AEsohyli
1250 2841 1310 2888 so-

292 2945 390 3012 lutum
408 2946 631 3016 convertisset
645 2945 781 3030 Attius,
803 2946 946 3016 minime
965 2943 1204 3016 dubitaremus
1221 2944 1308 3039 quin

291 3063 524 3162 fragmentum
548 3067 585 3136 in
613 3069 791 3138 Tusculanis
809 3066 989 3137 laudatum
1014 3066 1130 3138 Cicero
1149 3078 1311 3139 transtu-

292 3188 383 3259 lerit.

341 3315 437 3388 Hanc
456 3323 573 3384 autem
596 3287 864 3385 controversiam
884 3337 1083 3399 resumens,
1106 3315 1202 3388 etad
1221 3338 1310 3411 pro-

292 3437 444 3532 positum
471 3436 619 3533 denique
651 3446 850 3522 revertens,
882 3435 965 3531 quid
998 3438 1078 3510 inde
1110 3438 1208 3534 sequi
1229 3445 1309 3536 jure

293 3559 497 3632 contendas?
508 3561 575 3632 nisi
582 3571 634 3646 ut,
647 3583 754 3656 quum
761 3561 909 3632 auctoris
919 3562 1098 3658 utriusque
1105 3587 1211 3659 supra
1218 3587 1310 3636 corn·

293 3685 442 3782 positem
461 3688 650 3758 orationem
668 3685 949 3772 meminerimus,
970 3689 1185 3761 manifestius
1203 3691 1310 3761 etiam

294 3820 448 3896 constet,
469 3812 669 3883 Ciceronem
686 3811 722 3881 in
742 3809 888 3881 aliorum
909 3812 1147 3884 convertendis
1169 3813 1310 3887 sibimet

294 3936 409 4032 ipsum
418 3935 528 4007 multo
536 3934 744 4032 praecellere.
758 3932 858 4017 Quod
866 3933 976 4007 fusius
987 3935 1155 4031 explicere
1166 3938 1309 4010 taedium

295 4062 458 4147 afferret,
478 4072 513 4132 et
524 4084 587 4158 per
605 4084 643 4152 so
659 4060 744 4134 setis
760 4059 895 4134 enitere
904 4057 1051 4136 videtur.
1072 4062 1171 4146 Quod
1190 4075 1309 4137 eutem

337 4316 1055 4746 usn
