2994 4774
590 387 631 402 ..
653 355 693 414 45
714 385 755 400 ..

162 485 294 582 repenti
306 482 461 558 clausula
472 493 507 556 ct
516 481 641 582 frigida
653 482 877 580 explicatione
889 483 1069 557 circuitum
1080 483 1175 556 ducit

163 621 197 684 ct
215 610 343 683 obruit.

124 815 125 820 ,
210 739 339 812 tatere
371 758 441 808 non
466 733 565 808 aliter
590 758 678 832 agre
706 744 956 808 connectuntur
982 744 1016 806 ct
1043 733 1175 808 hiantia

162 861 359 934 trahuntur.
381 862 511 934 Passim
538 871 738 945 occurrunt,
757 871 797 932 nt
816 859 958 932 diverse
984 859 1177 932 coalescant

163 987 358 1070 sentcntiae,
377 985 449 1056 haec
461 983 618 1082 vulgaria
635 995 669 1056 ct
685 986 831 1057 crationi
850 984 967 1057 solutae
981 986 1145 1058 similiora
1165 1010 1173 1088 ς

218 1113 312 1196 «Et,
330 1112 359 1182 si
379 1111 570 1182 stellarum.
596 1113 746 1183 —Nam
764 1112 916 1207 primum
941 1122 1136 1196 astrorum
1155 1139 1171 1178 a

164 1244 199 1304 et
210 1234 247 1304 in
257 1233 378 1306 cedem
390 1235 534 1307 circuitu
548 1259 560 1319 :-
575 1237 648 1305 «Tu
660 1258 811 1330 quoque,
827 1257 936 1330 quum
948 1232 1114 1333 tumulcs;
1129 1275 1177 1286 -

164 1382 272 1455 quum
289 1357 417 1430 claram
434 1359 603 1455 specicm3
620 1371 668 1411 -‘-
688 1357 771 1454 quid
787 1381 868 1432 vcro
893 1357 1013 1430 Phoebi
1036 1358 1093 1428 fax
1105 1381 1115 1441 ;
1129 1399 1178 1410 -

111 1485 116 1494 “
165 1493 224 1554 aut
241 1506 349 1578 quum
366 1482 532 1570 terribili3
553 1525 602 1538 --
618 1493 678 1554 aut
695 1506 804 1578 quum
825 1505 862 1554 sc
881 1481 1037 1580 gravido.
1058 1509 1074 1550 a

212 1607 273 1677 His
300 1607 464 1704 pleraque
497 1607 706 1704 respondere
739 1609 914 1680 neminem
944 1607 1044 1704 fugit.
1083 1605 1180 1677 Pccsi

165 1754 280 1806 sermo
300 1755 416 1806 merus
437 1733 567 1830 ubique
593 1743 745 1830 prestat.
772 1732 872 1818 Quod
901 1733 931 1804 ai
956 1733 1049 1803 enim
1066 1729 1180 1803 verbis

166 1857 306 1953 pingere
322 1866 431 1929 certat
447 1866 563 1928 cretur
584 1881 593 1927 ε

329 2055 369 2116 Et
383 2055 463 2116 clarc
473 2054 621 2116 tremulos
634 2054 741 2115 ardore
753 2057 899 2120 cometes,

180 2272 182 2276 ·
249 2240 353 2315 Quum
368 2243 480 2304 clerum
494 2244 624 2322 speciem
639 2245 776 2304 concreto
791 2243 907 2303 lumine
923 2243 996 2304 luna

248 2353 385 2430 Abdidit,
401 2357 431 2416 et
445 2353 544 2416 subito
559 2353 687 2416 stellanti
702 2357 790 2416 nocte
806 2357 964 2434 perempta
977 2357 1042 2430 est3

170 2539 292 2635 saepius
309 2541 413 2612 etiam
432 2541 521 2612 inira
536 2539 685 2612 solutam
705 2541 896 2611 oraticnem
913 2537 1065 2612 decidit:

253 2739 412 2818 Menteque
431 2744 531 2804 divina
545 2744 656 2804 coelum
670 2746 826 2820 terrasque
840 2745 963 2822 pctessit
981 2763 989 2802 z

246 2847 330 2922 *Quae
345 2852 463 2932 penitus
479 2868 581 2912 sensus
596 2852 755 2912 hominum
768 2853 904 2928 vitaeque
917 2855 1059 2912 retentat.

253 3009 345 3071 Nosse
358 3011 447 3085 velis,
465 3029 531 3088 quae
546 3011 605 3071 sint
619 3011 772 3084 signorum
786 3010 899 3072 insede
916 3011 1035 3072 locatae.

254 3167 423 3263 Praecipitee
435 3171 501 3232 coeli
516 3175 616 3251 partes
630 3171 789 3248 obitusque
803 3175 965 3250 petesscna

223 3342 295 3412 Hoc
310 3352 447 3426 autem,
465 3341 557 3439 qucd
575 3342 730 3415 dicturus
746 3367 846 3429 sum,
862 3367 975 3439 neque
987 3342 1191 3439 praetcrmit-

174 3465 339 3554 tendum,
365 3489 477 3564 ncque
500 3467 767 3563 relinquendum
795 3479 861 3540 est.
888 3467 991 3564 Apud
1019 3478 1191 3540 oratorem,

175 3589 261 3663 nihil
287 3591 499 3688 frequentius
517 3592 732 3678 obversetur,
761 3616 867 3688 quam
891 3593 940 3664 ita
966 3591 1101 3666 duobus
1120 3593 1192 3664 fere

177 3712 357 3808 similibus,
371 3717 577 3788 sententiam
609 3715 771 3811 explicari
792 3715 919 3812 :.qued
950 3713 1110 3812 quidem,
1130 3714 1192 3786 ubi

176 3838 290 3910 verbis
308 3841 557 3939 conjungendis
573 3839 787 3938 impenditur
805 3865 888 3914 cure
907 3841 1055 3926 subtilis,
1077 3841 1192 3912 nascio

178 3962 262 4056 quid
288 3965 425 4063 elegans
451 3977 487 4040 ct
512 3965 735 4063 magnificum
761 3966 911 4038 sermoni
934 3965 1092 4063 largitur.
1124 3961 1191 4034 Sed

180 4069 272 4182 apud
289 4102 425 4186 poetam
441 4091 555 4166 verbis
574 4101 710 4166 tantum
725 4114 795 4166 nou
810 4089 914 4164 rebus
934 4101 1071 4188 tungere
1089 4098 1124 4162 et
1139 4109 1190 4162 rc-
