2966 4776
610 328 614 339 .
741 361 900 420 -n-

312 495 467 568 dundare
483 493 620 566 videtru
633 495 756 565 oratio.
775 496 919 567 Materia
935 505 1076 590 superat
1092 517 1197 591 opus,
1215 517 1328 590 quum

310 621 415 692 aliam
442 619 653 718 adaugendae
678 621 855 691 sententia
880 621 1049 690 rationem
1078 629 1114 690 et
1137 618 1329 692 exornandi

309 769 431 816 versus
463 744 595 816 cultum
625 767 798 840 nusquam
828 743 995 815 adhibere
1026 745 1144 816 Cicero
1177 745 1325 816 nitatur.

302 873 435 942 ‚Decem
453 869 585 965 primos
612 870 791 940 excutias:

412 1069 578 1148 Principio,
600 1070 724 1131 etherio
742 1069 915 1130 flammatus
928 1068 1045 1146 Jupiter
1062 1068 1125 1141 igni

412 1179 558 1254 Vertitur,
575 1184 719 1240 ettotam
739 1180 893 1240 collustrat
904 1179 1019 1238 lumine
1036 1177 1201 1248 mundum,

413 1289 573 1367 Menteque
587 1290 689 1351 divina
706 1289 817 1350 colum
831 1293 985 1366 terrasque
998 1289 1118 1366 petessit
1133 1308 1141 1347 ι

410 1397 489 1472 Quae
505 1402 625 1480 penitus
637 1417 740 1460 sensus
755 1399 914 1459 hominum
924 1399 1061 1475 vitasque
1075 1399 1216 1468 retentat,

412 1509 545 1570 AEtheris
556 1511 660 1570 aeterni
672 1514 757 1588 septa
770 1514 861 1586 atque
877 1508 994 1569 inclusa
1004 1509 1149 1568 cavernis.

412 1616 471 1688 Et,
486 1618 512 1676 si
526 1617 682 1678 stellarum
697 1621 799 1678 motus
813 1635 978 1695 cursusque
989 1619 1133 1690 vagantes

419 1724 512 1786 Nosse
527 1726 614 1800 velis,
632 1745 700 1804 que
714 1728 774 1787 sint
789 1729 944 1801 signorum
956 1727 989 1788 in
1001 1727 1071 1786 sede
1083 1725 1205 1796 locate,

416 1831 511 1915 (Qua
525 1835 617 1895 verbo
630 1840 661 1895 et
676 1833 758 1896 falsis
770 1834 945 1897 Graecorum
958 1835 1081 1896 vocibus
1094 1839 1214 1906 emant,

414 1941 531 2003 Revera
544 1949 625 2005 certo
638 1945 725 2024 lapsu
738 1947 893 2026 spatioque
905 1945 1073 2022 teruntur),

415 2049 526 2114 Omnia
536 2054 601 2132 jam
614 2073 717 2116 cernes
729 2055 830 2116 divina
844 2060 945 2116 mente
960 2058 1075 2115 notata.

362 2231 445 2314 Quae
458 2233 600 2328 quidem
615 2236 728 2330 specie
745 2235 934 2318 luxuriant,
951 2257 1071 2305 revera
1086 2229 1195 2304 sterili
1211 2228 1333 2301 verbo

313 2379 393 2427 rum
410 2358 587 2428 affluentia
601 2371 807 2455 gravescunt
821 2370 856 2430 et
866 2358 1049 2431 ambitiosa
1060 2358 1223 2455 pauperie
1238 2354 1334 2427 labo-

314 2487 405 2548 rant.
431 2480 503 2550 Hoc
521 2479 605 2550 vitio
628 2489 738 2550 totam
762 2479 855 2550 infici
872 2480 1045 2551 Ciceronis
1072 2479 1223 2574 poesim,
1244 2499 1334 2572 pro—

313 2601 427 2697 priam
443 2601 585 2687 saltem,
601 2603 731 2674 caeteris
745 2604 942 2699 perpensis,
959 2603 1095 2699 planius
1113 2603 1217 2673 etiam
1230 2598 1334 2671 nobis

314 2725 497 2798 constabit.
510 2728 609 2798 Nunc
617 2727 813 2799 institutam
824 2729 1116 2824 comparationem
1128 2725 1331 2822 repetimus.

313 2855 435 2924 lame
462 2852 550 2925 coelo
583 2852 762 2925 descendit
799 2864 936 2938 orator;
965 2864 1021 2938 et,
1050 2851 1202 2924 motibus
1233 2859 1335 2920 terrae

316 2980 536 3062 memoratis,
556 2988 597 3048 ut
610 2977 677 3050 hoe
692 3001 795 3049 versu
812 2989 914 3072 poeta
932 3003 942 3049 ε

398 3176 460 3235 Aut
474 3193 569 3252 quum
582 3193 613 3236 se
627 3175 750 3249 gravido
762 3173 931 3236 tremefecit
944 3193 1068 3252 corpore
1079 3175 1186 3248 tellus,

318 3363 422 3434 Humi
434 3368 508 3460 jam
524 3362 669 3436 adstitit.
687 3365 907 3460 Insequitur:

372 3513 389 3552 a
406 3487 495 3557 Nam
508 3487 659 3583 profecto
673 3490 840 3560 memoria
852 3487 990 3570 tenetis,
1004 3487 1103 3558 Cotta
1117 3496 1151 3557 et
1160 3487 1334 3580 Torquato

319 3609 531 3694 consulibua,
542 3611 736 3707 complures
745 3613 781 3683 in
791 3608 957 3707 Capitolio
974 3619 1086 3681 turres
1099 3609 1142 3681 de
1154 3607 1241 3679 coelo
1256 3630 1334 3678 esse
1462 3593 1463 3678 Ῠ

318 3753 514 3828 percussas,
535 3755 643 3828 quum
663 3744 697 3805 et
716 3732 900 3804 simulacra
916 3729 1059 3804 deorum
1075 3731 1219 3827 depulsa
1235 3741 1331 3814 sunt,

320 3868 356 3928 et
377 3864 498 3928 statuae
514 3865 672 3927 veterum
696 3857 878 3926 hominum
896 3851 1054 3950 dejecta,
1077 3865 1111 3926 et
1128 3853 1246 3951 legum
1264 3875 1334 3924 aera

320 3980 524 4078 liquefacta:
538 3989 650 4051 tactus
668 3990 721 4050 est
734 3979 840 4050 etiam
853 3975 924 4060 ille,
942 3980 1002 4072 qui
1014 3979 1103 4050 hanc
1116 3977 1239 4050 urbem
1252 4001 1333 4048 con-

321 4105 422 4193 didit,
435 4101 619 4188 llomulus3
634 4103 950 4204 qana'uauratum
961 4103 999 4175 in
1008 4103 1172 4201 Capitolio
1185 4125 1333 4200 parvum
