2966 4776
706 319 867 380 -86,.

282 462 317 522 et
333 451 420 524 illud
440 451 607 536 alterum,
627 452 671 524 de
683 477 754 548 quo
776 454 825 526 sic
847 455 922 550 ipse
941 455 1058 528 Cicero
1080 468 1296 552 premonet:

287 603 303 642 a
321 577 410 647 Nam
426 577 533 660 verti,
562 586 602 647 ut
619 575 776 672 quedam
792 579 944 663 Homeri,
977 579 1026 652 sic
1054 579 1300 677 istum-ipsum

281 700 396 774 locum
412 726 421 774 ε

321 901 389 963 2⁰0
404 901 495 963 decus
507 903 684 978 argolicum,
698 904 772 980 quin
785 904 912 982 puppim
926 903 1031 977 ilectiS,
1049 903 1155 984 Ulyxe,

362 1011 495 1072 Auribus
508 1017 543 1072 ut
557 1017 673 1074 nostros
688 1013 780 1092 possis
791 1031 952 1086 agnoscere
969 1015 1093 1074 cantus‘i

362 1121 439 1184 Nam
449 1141 538 1184 nemo
549 1124 614 1186 haec
624 1142 761 1201 unquam
773 1127 817 1184 est
832 1126 1021 1184 transvectus
1031 1123 1142 1186 caerula
1151 1142 1254 1201 cursu,

364 1231 446 1306 Quin
454 1235 536 1312 prius
549 1232 697 1296 adstiterit
710 1251 818 1294 vocum
831 1233 987 1294 dulcedine
1000 1238 1130 1313 eaptus;

363 1339 449 1415 Post,
464 1344 554 1404 variis
567 1343 654 1404 avido
673 1343 798 1404 satiatus
813 1345 932 1420 pectore
945 1343 1057 1417 musis,

362 1449 481 1512 Doctior
491 1451 529 1512 ad
540 1453 650 1532 patrias
662 1451 764 1530 lapsus
772 1452 941 1530 pervenerit
954 1468 1033 1512 oras.

365 1557 426 1618 Nos
436 1576 526 1632 grave
538 1563 691 1619 certamen
702 1558 783 1630 belli,
796 1557 971 1636 clademque
984 1562 1134 1632 tenemus,

365 1663 479 1726 Graecia
494 1684 586 1743 quam
598 1665 696 1746 TroJae
708 1665 808 1726 divino
822 1667 946 1726 numine
959 1669 1061 1742 vexit,

366 1769 535 1848 Omniaque
547 1771 643 1832 elatis
656 1790 759 1832 rerum
773 1773 898 1845 vestigia
913 1774 1000 1833 terris
1020 1771 1072 1854 (l).

336 1955 375 2024 ln
392 1952 459 2024 illis
476 1953 631 2040 duobus,
654 1979 741 2053 quos
757 1957 910 2053 primum
928 1955 1134 2028 retulimus:
1191 1999 1195 2008 ·

367 2156 456 2218 Tales
466 2163 555 2231 suut,
576 2163 636 2220 etc.

288 2363 374 2437 nihil
392 2391 494 2451 sune,
516 2369 668 2440 Ciceroni
691 2366 784 2464 quod
808 2368 904 2440 laudi
920 2378 1057 2451 vertas,
1077 2367 1306 2442 animadverti

288 2501 414 2584 potest.
447 2491 660 2561 Imitatorem
689 2492 782 2561 enim
806 2515 930 2586 parum
962 2490 1163 2588 diligentem
1182 2517 1307 2564 sensus

290 2612 394 2683 etiam
426 2613 565 2711 effugit,
591 2638 700 2710 quum
734 2613 875 2712 Ulysses
908 2614 1180 2711 Amphinomum
1216 2615 1308 2687 allo—

291 2760 401 2832 quens
421 2749 553 2810 asserat
578 2767 593 2806 a
615 2739 701 2811 tales
728 2738 910 2812 hominum
933 2764 1007 2812 esse
1033 2751 1168 2811 mentes
1187 2739 1307 2836 quales

290 2864 364 2960 ipse
383 2875 481 2960 pater
499 2865 577 2938 illas
597 2890 735 2963 quoque
752 2867 809 2939 die
827 2865 944 2939 ducat.
969 2895 985 2934 n

342 2986 409 3057 Sed
428 2989 465 3056 in
486 2987 544 3058 illo
561 2988 721 3058 Sirenum
740 2989 913 3071 carmine,
931 2977 1017 3083 'quid
1032 2993 1107 3083 jum
1122 2981 1309 3081 requiras?

291 3110 413 3180 Nonne
439 3109 669 3206 virgilianum
697 3133 794 3205 paene
822 3109 938 3180 locum
966 3107 1133 3180 absolutis
1154 3109 1310 3180 numeris

293 3231 476 3305 tenemus?
504 3231 676 3330 Equidem
704 3234 741 3304 in
771 3234 873 3303 Marii
886 3233 1079 3330 fragmento
1098 3230 1311 3329 splendidior

292 3357 383 3429 inest
400 3357 503 3430 rebus
536 3357 648 3441 color,
675 3367 709 3428 et
727 3355 842 3428 verbis
868 3357 978 3430 acrior
1002 3357 1053 3428 vis
1083 3368 1117 3429 et
1143 3359 1307 3454 impetus

293 3483 357 3554 Hic
371 3494 509 3570 autem,
533 3483 622 3554 mira
643 3479 794 3578 quadam
816 3480 1002 3563 varietate,
1024 3479 1174 3553 molliter
1190 3461 1311 3553 omnia

294 3603 430 3691 fluunt,
450 3618 489 3678 ut
508 3629 648 3678 suavem
668 3604 850 3700 fallacique
877 3602 1057 3676 dulcedine
1081 3614 1311 3700 temperatam

296 3729 455 3801 Sirenum
470 3755 590 3804 vocem
606 3729 853 3828 intelligamus.

344 3855 503 3926 Exitiude
519 3877 792 3926 conversanum
810 3852 1067 3952 aggredientes,
1086 3876 1191 3950 quem
1210 3852 1311 3924 Cice-

337 4105 372 4172 (a)
392 4098 538 4172 repertus
550 4097 623 4168 ocu,
636 4099 655 4156 1.
668 4104 751 4170 one.
