2966 4776
742 336 903 398 ..32-

310 474 383 572 gilii
397 473 610 578 ¹lloratiique
640 493 742 543 musa
769 469 907 567 politior
934 495 952 542 e
981 469 1192 544 carminibus
1215 479 1334 542 extur-

309 600 416 673 bavit.
443 603 602 672 Perstant
627 598 732 670 etism
753 597 963 683 locutiones,
989 595 1116 694 quibus
1142 620 1187 669 ne
1216 595 1334 670 soluta

309 722 452 819 quidem
483 721 592 793 oratio
620 720 785 818 pepercit.
815 721 922 817 Leges
949 715 1162 803 hexametri,
1190 741 1333 790 caesurae

309 857 425 920 certus
451 855 486 918 et
510 843 691 941 multiplex
714 841 860 927 modus,
881 865 1105 915 numerorum
1121 841 1270 914 varietas
1295 852 1332 912 et

310 972 479 1044 concinna
512 992 678 1041 sonorum
706 967 910 1063 temperatio
935 989 999 1037 nec
1021 989 1112 1052 usu,
1130 988 1195 1038 neo
1219 989 1331 1062 expe-

309 1095 434 1167 rientia
462 1103 544 1165 tunc
567 1091 699 1162 sancita
725 1087 841 1160 velent
871 1098 905 1159 et
933 1085 1163 1160 celebrantur.
1192 1087 1330 1184 Eloquii

310 1222 419 1305 ratio,
445 1219 596 1291 sermoni
622 1215 779 1300 similior,
800 1211 987 1286 laxioribus
1006 1214 1160 1286 numeris
1183 1213 1329 1288 solvitur

310 1357 345 1420 et
356 1346 449 1431 hiat;
465 1343 650 1417 verborum
664 1352 837 1415 structura
849 1340 987 1437 gravior
997 1339 1180 1426 intexitur3
1195 1363 1214 1412 e
1227 1339 1330 1437 plebe

309 1470 425 1542 neseio
441 1466 525 1564 quid
544 1476 720 1562 arreptum
741 1462 815 1536 haec
832 1465 940 1536 oratio
961 1464 1072 1561 sapit,
1097 1464 1153 1536 cui
1170 1463 1329 1536 nondum

309 1593 435 1667 nobilis
450 1592 547 1687 lepos
561 1602 596 1662 et
612 1591 756 1686 patricia
768 1588 929 1685 quaedam
943 1589 1093 1687 dignitas
1109 1589 1276 1687 obtigere.

359 1718 443 1801 Quae
470 1739 539 1786 nou
557 1713 666 1786 multo
688 1715 798 1812 magis
820 1714 857 1784 in
882 1715 1038 1786 Lucretio
1056 1724 1117 1786 aut
1140 1715 1178 1786 in
1195 1712 1331 1787 Catullo

310 1839 460 1938 perfecta
477 1839 641 1936 reperias.
669 1838 730 1910 Sui
752 1841 918 1936 temporis
934 1840 1068 1935 poetico
1092 1862 1252 1912 sermone
1268 1839 1335 1910 Ci-

311 1989 389 2037 cero
413 1976 550 2036 tantum
570 1965 699 2049 utitur,
719 1965 874 2060 quamsi
899 1948 969 2036 nob
990 1963 1093 2035 altius
1119 1963 1239 2048 effert,
1261 1985 1335 2034 non

309 2087 453 2160 inferius
471 2087 634 2161 demittit.
654 2090 795 2185 Proprie
819 2100 936 2160 tamen
959 2088 1042 2161 vitio
1062 2086 1215 2172 laborat,
1237 2085 1335 2182 quod

309 2214 384 2309 ipse
403 2238 473 2285 non
500 2216 583 2286 satis
608 2215 759 2312 effugere
783 2215 904 2285 nititur
921 2212 1062 2286 Aratus.
1087 2214 1222 2286 Heroici
1250 2235 1335 2285 car-

311 2339 414 2411 minis
437 2331 540 2436 grave
568 2337 704 2435 pondus
727 2313 944 2434 rigidamque
970 2335 1172 2436 dignitatem
1195 2337 1332 2423 variat,
1460 2359 1461 2367 ¹

311 2473 347 2533 et
355 2487 493 2534 summa
500 2463 629 2558 ingenii
645 2461 785 2533 solertia
793 2460 956 2559 Virgilius
974 2460 1132 2547 inflectit,
1145 2460 1336 2558 multisque
1459 2507 1460 2520 .

312 2585 425 2657 modis
435 2585 612 2672 ductilem,
622 2597 662 2658 ut
670 2587 719 2657 ita
727 2586 854 2672 dicam,
863 2611 1003 2660 versum
1010 2588 1225 2684 circumagit.
1237 2589 1336 2659 Hane

312 2709 493 2783 mollitiem
513 2723 547 2783 et
571 2713 671 2808 quasi
694 2712 810 2784 latinae
829 2713 943 2809 poesis
965 2711 1194 2785 mobilitatem
1208 2711 1266 2783 vix
1282 2711 1336 2784 Ci-

312 2859 391 2910 cero
402 2837 609 2934 suspicatur.
624 2835 719 2909 lllius
731 2837 867 2936 singula
879 2837 1004 2911 binave
1020 2837 1175 2909 carmina
1188 2835 1331 2921 cadunt,

312 2986 395 3046 nec,
417 2962 563 3034 aliorum
581 2963 617 3032 in
636 2962 704 3033 alia
728 2969 856 3060 rejecta
870 2974 968 3058 parte
993 2961 1145 3058 quedam
1168 2969 1203 3032 et
1220 2961 1335 3032 inter-

312 3073 441 3171 mixta‘,
457 3087 633 3164 ¹‚continua
656 3086 763 3158 series
790 3087 840 3156 ita
862 3087 1094 3185 conjungitur,
1113 3095 1153 3158 ut
1177 3086 1335 3159 omnium

313 3207 502 3283 solidabat
525 3219 559 3280 et
578 3208 791 3282 indestructa
807 3209 940 3295 moles;
960 3219 995 3282 et
1013 3211 1042 3282 si
1066 3233 1190 3284 sensus
1205 3208 1335 3282 illaesus

312 3335 420 3421 loret,
439 3335 567 3407 mutari
583 3333 658 3407 loco
678 3344 713 3405 et
727 3335 765 3405 in
779 3334 929 3407 vicinam
943 3335 1093 3434 migrare
1107 3334 1225 3408 sedem
1240 3333 1335 3407 illius

313 3485 433 3536 versus
450 3461 549 3537 facile
573 3471 728 3561 possent.
749 3459 954 3559 Plerumque
972 3462 1113 3536 tandem
1137 3461 1259 3535 eodem
1276 3471 1334 3534 te-

313 3607 396 3657 nore
421 3586 601 3672 feruntur,
630 3584 820 3681 eademque
846 3584 1001 3658 clausula
1023 3609 1125 3684 pares
1154 3585 1331 3659 desinunt.
1456 3587 1457 3641 l

312 3709 438 3782 Durior
453 3711 557 3782 etiam
574 3709 782 3806 aliquando,
804 3711 898 3784 sonis
914 3712 1082 3806 asperior,
1099 3735 1223 3787 vocum
1240 3710 1333 3784 exitu

314 3837 417 3912 simili
442 3838 564 3936 fatigat
595 3862 696 3912 aures
724 3842 898 3913 Ciceronis
924 3843 1046 3914 oratio.
1077 3841 1145 3918 Sed
1171 3842 1334 3916 universa

315 3963 547 4040 consideranti
566 3967 755 4062 perspicua
769 3974 843 4068 jam
862 3969 1031 4040 sermonis
1048 3969 1173 4064 poetici
1189 3968 1334 4042 virtutes
1455 3957 1456 3961 ¹

318 4092 354 4162 iu
377 4077 592 4162 Ptolomeus
619 4100 653 4161 et
679 4091 714 4160 in
743 4093 948 4184 Propensior
966 4089 1213 4175 obversantur;
1246 4112 1333 4186 quas
