2954 4776
717 343 899 402 -ldlu

296 493 359 543 suo
384 471 588 557 consulatu,
614 471 701 544 nihil
729 474 819 571 agit;
850 471 989 546 auditor
1011 483 1148 545 tautum
1171 473 1315 562 adstat,

295 594 394 665 autsi
407 593 525 666 forsan
537 594 732 680 interfatur,
746 595 863 668 coram
875 595 956 682 diis,
973 621 1072 668 suam
1082 598 1156 693 ipse
1168 597 1319 696 gloriam

290 719 477 813 jactatione
492 717 660 790 venditat.
681 717 919 802 Quorumdam
945 717 1101 816 exemplo
1119 722 1320 793 Graecorum

295 839 494 911 Ciceronem
512 840 744 924 Quintilianus
764 850 924 927 excuset,
944 840 1162 938 aliquatenus
1181 843 1321 915 iutelli-

296 964 400 1060 gitur.
435 955 586 1038 Fuerunt
613 966 759 1038 fortasse
790 966 983 1062 superiores
1013 977 1152 1063 poeta,
1185 968 1246 1063 qui
1279 991 1320 1040 se

297 1087 441 1160 deorum
474 1088 616 1162 concilio
647 1089 808 1161 linxerint
838 1088 1022 1161 admissos.
1054 1088 1177 1162 Nullus
1206 1114 1316 1178 vero,

298 1212 391 1308 quod
407 1211 563 1300 credam,
584 1211 650 1286 sihi
666 1214 811 1287 deorum
831 1237 993 1285 coronam
1012 1212 1258 1299 circumdedit,
1279 1226 1321 1287 ut

298 1359 375 1433 quaa
394 1336 557 1434 gessisset
573 1338 647 1433 ipse
664 1337 857 1408 doceretur.
879 1334 909 1406 Α
925 1335 991 1409 diis
1005 1336 1166 1432 equidem
1184 1338 1321 1410 moueri

297 1470 418 1555 poeta,
438 1459 581 1532 minime
597 1482 678 1530 uero
696 1457 831 1530 lauded
854 1459 978 1555 potuit.
1006 1459 1091 1544 Quis
1117 1460 1211 1532 enim
1228 1461 1322 1532 inter

297 1594 417 1679 poetas
434 1606 562 1680 graeeos
578 1593 650 1654 tam
666 1581 829 1679 preclare
846 1582 945 1654 iactis
967 1582 1166 1656 nobilitatus
1184 1594 1257 1669 est,
1280 1595 1322 1657 ut

298 1708 452 1803 ipsorum
476 1705 725 1794 immortalium
743 1705 970 1778 admiratione
994 1729 1031 1778 se
1052 1705 1197 1804 dignum
1221 1705 1322 1778 arbi-

299 1825 471 1900 traretur?
489 1827 588 1901 Unde
603 1828 805 1912 Quintiliani
823 1851 907 1925 pace
922 1827 1090 1912 dixerim,
1109 1829 1175 1902 hoc
1189 1853 1321 1902 novum

299 1952 468 2048 poematis
484 1975 615 2050 genus,
638 1977 659 2024 a
677 1954 859 2039 Cicerone,
877 1975 948 2025 non
967 1954 1016 2024 ita
1031 1952 1174 2026 feliciter
1193 1953 1322 2024 inven-

299 2085 375 2146 tum
402 2075 529 2162 inisse,
556 2099 625 2173 quo
647 2077 696 2150 dii
722 2078 894 2149 terrestris
922 2075 1047 2149 iabulae
1070 2075 1164 2158 velut
1188 2086 1322 2148 actores

300 2196 522 2270 inducantur.

349 2322 385 2394 Si
411 2347 492 2398 raro
521 2321 615 2396 istud
646 2324 760 2419 operis
792 2321 997 2407 consilium,
1030 2319 1139 2393 semel
1174 2319 1323 2391 iustitu-

301 2453 396 2527 tum,
425 2445 579 2517 Ciceroni
610 2444 700 2516 male
741 2445 868 2528 cessit,
893 2444 930 2514 in
957 2442 1050 2515 idem
1079 2442 1134 2515 bis
1159 2441 1324 2515 incidisse

302 2579 431 2663 quanto
458 2569 573 2639 minus
592 2567 841 2666 ignoscendum
862 2565 936 2638 est!
957 2569 1044 2639 Sunt
1061 2578 1177 2640 autem
1200 2567 1260 2662 qui
1276 2566 1324 2640 ad

301 2715 426 2789 poema
457 2694 505 2763 De
532 2697 714 2785 temporibus
742 2697 805 2764 sais
835 2694 1091 2766 excusationem
1119 2691 1325 2776 Quintiliani

302 2815 465 2889 referant.
482 2817 597 2900 Quum
614 2817 719 2915 igitur
736 2827 868 2888 constet
890 2817 1091 2889 Ciceronem
1109 2814 1147 2886 in
1170 2815 1339 2900 carmine¹

303 2935 347 3010 de
368 2938 548 3012 consulatu
574 2938 643 3010 diis
667 2939 869 3016 immixtum,
889 2938 1047 3022 adstare,
1067 2937 1097 3009 si
1125 2959 1246 3008 rursus
1271 2935 1325 3007 illi

303 3059 495 3132 coelestium
508 3059 633 3132 chorus
648 3081 829 3156 assurgere
841 3060 1006 3158 fingatur,
1023 3082 1094 3131 nou
1107 3055 1325 3156 excogitandi

305 3205 406 3254 suam
424 3181 617 3254 ubertatem
636 3195 745 3279 poeta
757 3183 953 3282 gratuleris.
968 3186 1042 3280 Ego
1054 3207 1150 3270 vero,
1169 3182 1325 3256 medium

305 3305 396 3380 inter
409 3306 545 3390 criticos
559 3307 624 3379 iter
636 3317 757 3378 tenens
768 3363 776 3391 ,
789 3331 860 3379 uon
871 3305 1077 3379 crediderim
1090 3308 1218 3378 iterum
1232 3305 1325 3378 coali-

203 3425 211 3444 ”
307 3431 390 3504 eolis
404 3456 441 3506 se
453 3433 641 3506 inseruisse
657 3433 874 3518 Ciceronem,
895 3429 956 3504 sed
973 3431 1064 3528 apud
1084 3451 1326 3529 superosque·

309 3581 376 3652 que
399 3560 448 3628 De
470 3563 652 3650 tenporibus
679 3561 742 3629 seis
765 3557 919 3630 fabulam
947 3557 1087 3655 peragi,
1114 3581 1223 3654 quum
1249 3557 1325 3653 ipse

308 3679 463 3753 dixerit:
485 3709 500 3749 u
522 3684 642 3778 ltaque
658 3683 842 3756 mirificum
868 3689 978 3768 taedeo
1001 3681 1114 3778 cogito
1139 3681 1176 3752 in
1196 3703 1326 3752 secun-

309 3805 394 3880 dum
417 3827 573 3878 meorum
594 3805 761 3879 librorum
784 3806 980 3891 includere,
1008 3803 1179 3877 dicentem
1197 3802 1327 3900 Apolli-

304 3955 390 4006 nem
407 3932 443 4004 iu
460 3930 603 4004 concilio
619 3931 782 4018 deorum,
802 3932 915 4029 qualis
937 3927 1068 4003 reditus
1087 3927 1236 4002 duorum
1252 3929 1325 4000 im-

311 4067 508 4154 peratorum
524 4055 660 4130 futurus
679 4065 782 4126 esset.
803 4084 820 4122 a
842 4053 895 4128 Ad
912 4054 1097 4139 Quintum,
1119 4052 1144 4124 l.
1165 4055 1207 4136 3,
1229 4056 1262 4136 l,
1283 4056 1321 4124 7.
