2966 4776
716 335 877 398 ..goa

286 495 446 545 ceronem
469 473 661 545 occurrisse
683 471 777 567 quod
803 472 869 545 sibi
885 470 1062 546 vindicare
1078 473 1219 573 Virgilio
1237 475 1313 573 plc-

287 593 418 669 cuerit?
432 597 562 669 Forsan
577 596 763 667 aVarrone
773 594 848 667 haec
860 595 964 666 etiam
976 605 1156 670 mutuatus
1169 597 1286 672 iuerat
1301 626 1310 672 ι

366 823 530 899 Continuo,
545 825 642 886 ventis
657 825 867 901 surgentibus,
883 827 936 887 ant
949 821 1029 888 ircta
1042 828 1126 907 ponti

364 931 523 1036 'Incipiunt
536 935 648 1008 agitata
661 938 841 1019 tumescere.¹

287 1146 386 1218 Viam
403 1157 521 1218 autem
538 1147 570 1219 ei
586 1149 830 1244 praemunierat
847 1147 964 1228 Cicero
985 1171 995 1219 t

367 1374 468 1453 Atque
481 1375 573 1436 etiam
585 1379 690 1436 ventos
703 1376 917 1455 praemonstrat
930 1391 1009 1454 saepe
1026 1372 1145 1435 futuros

367 1484 514 1548 Inflatum
528 1505 629 1560 mare,
647 1502 743 1565 quom
758 1485 856 1545 subito
868 1487 1049 1566 penitusque
1063 1480 1215 1545 tumescit.

334 1670 467 1744 Eadem
492 1671 620 1756 etiam,
640 1694 710 1767 qua
727 1668 879 1757 Tullius,
898 1670 1059 1744 imitandi
1074 1669 1208 1743 ratione
1224 1667 1311 1740 Vir-

286 1795 389 1892 gilius
406 1795 457 1867 uti
477 1794 627 1868 videtur.
644 1795 705 1868 lllc
720 1794 836 1868 verbis
852 1796 985 1870 iteratis
1002 1820 1106 1869 sonos
1125 1795 1312 1893 expingere

286 1920 465 1996 contendit
480 1946 490 1994 t

690 2124 842 2188 Acredula
857 2123 981 2186 vocibus
996 2125 1104 2198 instat,
1182 2135 1187 2146 ·

409 2233 541 2296 Vocibus
554 2235 658 2298 instat.

287 2419 351 2494 Hic
368 2420 412 2494 de
428 2421 564 2495 cornice
580 2446 589 2495 ε

652 2619 792 2684 Pluviam
807 2623 894 2681 vocat
911 2619 1047 2701 improba
1058 2636 1143 2683 voce.

286 2805 502 2880 Manifestius
518 2817 636 2880 cutem
653 2807 697 2882 ah
715 2809 903 2907 interprete
925 2807 1094 2881 nonnulle
1112 2815 1307 2879 mutuatur.

287 2931 403 3015 Quum
413 2932 530 3007 Cicero
547 2933 669 3028 prius:

531 3132 572 3194 Et
587 3151 716 3209 magnus
727 3135 840 3214 pariter
857 3134 1006 3197 delabitur
1020 3093 1138 3198 Amnis.

697 3323 789 3388 Flexo
801 3341 872 3388 cum
886 3343 1010 3405 corpore
1023 3343 1156 3406 serpens.

362 3549 364 3554 ·
410 3511 450 3574 Et
462 3514 628 3576 matutinos
644 3517 764 3574 exercet
777 3513 920 3576 acredula
932 3516 1054 3589 cantus,
1065 3517 1140 3588 etc„

288 3691 440 3766 vicissim
455 3697 618 3795 Virgilius
635 3723 645 3770 ε

387 3896 537 3959 Maximus
551 3899 599 3959 hic
617 3898 697 3961 flexu
716 3901 834 3962 sinuoso
852 3897 981 3961 elabitur
994 3899 1120 3976 Anguis.

392 4085 602 4166 Nequidquam
616 4105 696 4152 seros
708 4092 828 4150 exercet
839 4091 950 4150 noctua
962 4093 1079 4152 contus.
