2954 4776
307 436 487 520 admonet,
508 447 542 508 et
554 437 696 508 Caeseris
716 445 872 521 ῥαθυμότερα
891 437 1059 534 respicere
1077 437 1233 523 videtum
1247 445 1324 536 jem

304 561 379 654 ipse
396 560 540 644 Tullius,
560 560 792 657 quorumdem
811 561 940 636 invidie
957 561 1150 648 lacessitus,
1171 586 1235 635 sue
1251 587 1325 636 ccr-

305 687 400 757 mine
418 685 586 758 defendit.
1321 673 1330 692 ’

352 812 507 906 Sequens
520 819 601 881 aetes
622 811 722 882 istius
739 809 896 894 invidiae,
917 829 1023 906 quem
1035 809 1321 896 incusetCicero,

303 933 514 1006 desiderium
538 933 589 1006 illi
612 935 808 1008 movisset:
831 935 1016 1007 fastidiose
1037 935 1153 1020 siluit,
1178 947 1212 1006 et
1235 935 1325 1008 Tul-

303 1057 389 1130 lium
414 1060 597 1130 immemor
622 1083 693 1130 non
722 1059 835 1131 solum
863 1070 1027 1155 poetam,
1053 1060 1115 1131 sed
1149 1071 1324 1134 oratorem

303 1182 407 1254 etiem
419 1183 596 1278 civemque
610 1183 906 1279 praetermisisset,
922 1184 989 1255 nisi
1002 1185 1201 1280 Pompeiani
1215 1209 1320 1270 voce,

302 1309 340 1378 T.
363 1309 471 1393 Livii,
490 1320 525 1381 et
540 1309 598 1405 pio
617 1309 769 1380 carmine
785 1309 895 1394 vetis,
915 1309 1063 1382 Cornelii
1082 1311 1221 1395 Severi,
1243 1309 1323 1382 leus

302 1437 376 1527 ejus
392 1429 572 1526 paululum
592 1432 801 1503 emersisset.
821 1433 940 1505 Caeteri
958 1434 1123 1504 nimirum
1145 1435 1212 1530 ipsi
1228 1435 1324 1508 Cice·

300 1554 394 1626 ronis
412 1555 544 1626 1101111111
565 1556 637 1626 suis
654 1554 811 1628 versibus
835 1555 1107 1642 interdixerunt,
1126 1582 1170 1630 ne
1190 1557 1322 1656 legenti

301 1703 404 1751 suum
420 1679 598 1774 parricide
618 1679 729 1752 scelus
746 1692 952 1753 occurreret.
1094 1775 1098 1780 Ι

349 1802 402 1874 An
426 1802 484 1875 ille
507 1813 623 1875 temen
637 1803 767 1902 judicic
791 1806 961 1901 posterior
977 1816 1058 1878 aetee
1078 1829 1148 1877 non
1167 1805 1321 1880 multum

301 1927 479 2013 dissentit3
499 1952 563 2000 nee
585 1935 659 2026 jam
679 1931 849 2002 sententie
867 1941 965 2002 muta
984 1932 1181 2002 Ciceronem
1204 1933 1321 2030 tregi-

299 2077 361 2126 cus
384 2057 512 2126 Seneca
546 2055 690 2126 damnet
722 2054 788 2152 (1).
824 2057 1030 2151 Expressius
1056 2056 1160 2128 etiem
1189 2058 1322 2130 Seneca

299 2179 417 2254 rhetor
438 2181 536 2253 illum
562 2183 675 2279 arguit
696 2180 761 2278 (2).
791 2180 921 2256 Plinius
944 2191 1090 2276 uterque
1108 2180 1244 2254 duobus
1262 2185 1322 2254 Se-

300 2306 412 2390 necis,
436 2329 507 2377 non
526 2304 649 2377 obnixe
680 2316 819 2386 temen,
847 2305 1077 2376 intercedunt.
1100 2307 1209 2404 Major
1226 2305 1323 2380 obli-

299 2454 368 2526 que
394 2429 656 2502 celeberrimum
680 2428 793 2501 illud:
813 2429 945 2501 Cedent
968 2453 1088 2515 erma,
1111 2435 1201 2517 etc',
1228 2455 1324 2504 com·

299 2554 423 2651 probet
443 2553 508 2650 (3).
527 2556 614 2626 Cum
627 2555 800 2651 juniorem
809 2553 989 2626 immerito
1006 2553 1135 2651 pudeat
1148 2556 1324 2651 poeticam

300 2703 483 2766 exercere,
514 2703 551 2750 se
579 2678 752 2764 consulis,
784 2677 1042 2774 multorumque
1060 2679 1256 2776 principum
1286 2691 1324 2754 et

298 2803 443 2874 Neronis
475 2803 584 2899 ipsius
617 2801 773 2897 exemplo
806 2812 940 2874 tutetur
970 2798 1035 2896 (l).
1069 2803 1155 2872 Suos
1184 2824 1323 2876 amores

299 2949 422 2998 canere
447 2950 596 3022 perans,
614 2926 789 2997 Ciceronis
814 2927 851 2996 in
867 2925 989 2997 Tirone
1006 2924 1214 2997 lascivientis
1238 2948 1324 2997 cer·-

299 3051 396 3120 mine
408 3051 544 3147 jactitet
564 3046 629 3144 (5).
651 3049 750 3120 Unde
769 3048 810 3119 fit
834 3060 873 3119 ut
897 3048 989 3120 illius
1015 3049 1130 3144 opinio
1155 3047 1242 3120 nihil
1260 3061 1324 3122 eut

300 3196 406 3270 quem
417 3173 601 3244 minimum
614 3170 657 3243 ed
670 3171 841 3268 poeticam
851 3173 1024 3244 Ciceronis
1037 3171 1319 3246 leudemveleet.

298 3299 368 3370 Nec
388 3298 480 3406 enim
500 3296 614 3368 Tacito
634 3308 694 3366 eut
721 3294 786 3368 sibi
807 3307 943 3368 tentum
962 3295 1145 3369 dissentire
1171 3297 1323 3370 Plinium

299 3497 383 3550 tetum
403 3491 453 3551 fuit
468 3493 496 3548 in
510 3491 541 3546 dc
554 3497 650 3548 costra
665 3492 784 3558 Uranie·
800 3489 869 3548 felici
885 3489 990 3563 quidem
1008 3491 1179 3562 conjectura,
1201 3491 1247 3549 sed
1267 3491 1323 3550 for

300 3596 371 3658 tasse
391 3605 452 3648 curn
472 3591 576 3648 ceteris
596 3591 865 3662 minuscongruentc.

336 3689 372 3753 (1)
392 3688 538 3753 1111111.
556 3693 589 3758 3,
607 3689 651 3745 37.

336 3783 372 3848 (2)
392 3782 483 3851 nect,
498 3785 516 3839 l.
535 3787 565 3852 3,
578 3782 686 3856 presai.
704 3789 823 3840 controv.

335 3881 370 3950 (3)
391 3879 503 3948 Plinius,
521 3881 540 3936 l.
556 3885 589 3950 8,
604 3894 663 3952 cop.
681 3885 724 3936 30.

336 3975 372 4042 11)
392 3974 507 4044 Plinius,
523 3977 629 4046 Epist,
646 3974 664 4030 Ι.
681 3979 707 4045 5,
725 3979 750 4030 t.

335 4073 372 4138 (5)
392 4074 501 4146 Epist,
517 4072 586 4143 lit,
603 4075 630 4128 1.
