2994 4774
611 383 652 396 ..
674 353 712 410 55
732 384 773 398 ..

188 497 358 562 memcrat
367 484 618 571 Quintilianus,
644 484 680 557 id
693 485 882 557 occurrisse
895 484 1043 556 mentor
1056 483 1198 558 arbitra-

189 637 279 686 mur.
300 614 387 684 Sunt
404 621 519 681 tamen
530 610 596 705 .qui
613 609 720 682 velint
732 608 817 680 illud
832 608 1010 705 adpccma
1026 608 1070 682 de
1084 624 1199 702 umpo-

190 742 277 810 ribus
287 741 349 807 suis
359 737 544 831 pertinere.
561 733 660 819 Quod
672 732 771 806 nohis
790 731 885 805 nullo
901 743 1002 830 pacto
1018 732 1198 828 probatur,

189 862 347 959 quamvis
376 859 641 957 hac-opinione,
662 857 755 953 quod
783 856 882 929 nobis
902 882 993 930 nunc
1019 859 1056 930 in
1079 859 1201 953 primis

188 986 403 1083 propesitum
420 994 485 1067 est,
503 982 684 1079 paululum
707 982 893 1080 intringere
917 982 1109 1054 videamur.
1128 983 1203 1054 No-

189 1108 243 1180 bis
272 1109 364 1180 enim
389 1108 504 1180 animo
524 1106 696 1204 fingamus
713 1106 750 1176 in
769 1110 952 1199 temporibus
972 1107 1077 1178 ctiam
1102 1109 1164 1176 suis
1183 1129 1204 1176 a

189 1235 342 1306 Minerva
357 1233 556 1306 Ciceronem
577 1229 736 1304 edoctum
759 1231 883 1315 fuisse,
904 1241 938 1302 et
953 1255 975 1303 a
990 1233 1071 1304 Jove
1086 1231 1206 1304 consi-

190 1356 245 1428 liis
258 1356 463 1429 admissum.
480 1355 571 1440 Quid
584 1355 665 1428 inde
679 1357 847 1450 sequitur,
860 1356 927 1427 nisi
943 1357 1141 1428 Ciceronem
1151 1355 1206 1427 bis

192 1481 230 1551 in
241 1479 525 1572 idemincidissc3
547 1489 593 1564 et,
607 1503 715 1575 quum
731 1479 768 1550 in
783 1483 944 1550 consulatu
960 1478 1122 1552 coelicolis
1135 1478 1208 1550 im·-

192 1604 341 1693 mixtus,
360 1612 435 1702 jam
453 1603 496 1675 ab
517 1604 664 1688 Urania,
685 1627 707 1674 a
723 1603 874 1700 Calliope
891 1614 927 1675 et
944 1627 965 1675 a
980 1607 1062 1676 Jove
1087 1604 1207 1677 docea-

191 1740 267 1815 tur,
286 1730 456 1802 rationem
475 1729 588 1825 operis
615 1727 773 1799 eamdem
790 1728 826 1798 in
851 1732 1033 1821 teorportbus
1049 1731 1111 1798 suis
1128 1752 1206 1800 con-

193 1852 345 1926 stitisse?
370 1854 469 1926 Unde
492 1854 548 1926 vel
568 1854 751 1925 mitissimo
768 1853 886 1926 liceret
903 1853 1013 1951 judici
1039 1856 1208 1950 poeticam

194 1977 392 2049 inveniendi
411 1976 609 2048 facultatem
627 1977 663 2046 in
687 1977 848 2048 Cicerone
866 1977 1047 2073 paululum
1067 1977 1210 2049 deside-

197 2123 288 2172 rare.
316 2099 382 2172 Sed
407 2098 499 2195 quod
529 2099 724 2170 istiusmodi
748 2101 894 2196 penuria
920 2124 990 2172 non
1016 2101 1210 2172 verisimilis

193 2225 349 2309 videtur,
368 2222 454 2295 illud
472 2224 626 2296 Ciceroni
644 2224 774 2294 crimen
795 2223 1050 2309 condonantes,
1070 2224 1114 2296 ad
1133 2249 1210 2322 pro·

193 2346 361 2420 habiliora
387 2346 626 2444 confugimus,
650 2357 684 2418 et
708 2347 860 2443 primum
883 2350 1057 2418 consulatus
1082 2347 1210 2420 librum

195 2472 244 2543 sic
260 2495 335 2543 esse
354 2470 606 2544 restituendum
622 2471 816 2568 opinamur.

275 2664 419 2725 Panditur
423 2707 486 2724 .....
505 2666 612 2725 domus
630 2667 841 2744 omnipotentis
854 2665 976 2746 Olympi
989 2687 998 2744 ;

278 2767 501 2849 Conciliumque
514 2777 599 2832 vocat
610 2772 715 2832 divum
727 2778 811 2852 pater
823 2780 912 2850 atque
924 2775 1081 2836 hominum
1091 2796 1155 2838 rex.

195 2954 428 3024 Romanorum
454 2950 546 3020 enirn
563 2950 707 3046 imperio
725 2960 912 3046 tempestas
940 2953 1098 3026 imminet
1115 2966 1202 3028 atra.

198 3074 407 3147 Sceleratum
426 3073 538 3146 foedus
555 3074 680 3148 initum
698 3084 764 3159 est,
782 3085 816 3146 et
832 3077 977 3148 Romam
988 3078 1118 3151 excidio
1132 3104 1210 3152 con-

193 3200 300 3298 jurati
317 3209 465 3296 petunt,

222 3429 224 3436 v
278 3397 416 3471 Quorum
427 3398 559 3458 luxuries
571 3395 725 3460 fortunata
742 3417 830 3461 censa
846 3402 960 3479 peperit
974 3399 1026 3482 (t).

197 3575 315 3645 iovem
348 3574 533 3658 Quiritium
557 3576 717 3660 miseret,
746 3589 802 3662 et,
828 3575 1036 3672 instantibus
1064 3578 1209 3654 fortasse

198 3698 332 3770 romani
350 3700 526 3796 sanguinis
544 3700 754 3786 auctoribus,
765 3703 897 3772 Venere
910 3712 945 3773 et
958 3705 1080 3790 Marte,
1098 3707 1210 3803 reipu-

235 3923 270 3994 (t)
290 3922 408 3980 Nonius:
422 3923 530 3992 Census,
550 3924 642 3982 Cicero
657 3923 684 3979 in
696 3923 839 3980 consulatu
850 3941 908 3982 suo.
921 3959 954 3970 -
966 3929 1065 3986 Forsan
1076 3929 1115 3988 sic
1126 3944 1210 3988 emen-

200 4015 316 4076 dandum
325 4025 367 4077 est
381 4038 388 4075 ε

358 4118 473 4186 Quorum
484 4117 600 4178 luxuries
612 4115 744 4178 fortunam
755 4124 782 4177 et
793 4132 870 4180 censa
886 4121 1004 4191 peremit.
1031 4165 1041 4186 .

1090 4223 1109 4280 5
