2994 4774
701 283 861 342 ..20-

273 417 356 492 bore
382 428 477 491 stant
499 416 591 490 illius
620 418 794 502 carmina,
812 414 937 489 iisdem
956 415 1119 489 clausulis
1135 439 1288 514 persaepe

274 545 415 630 cadunt,
435 567 498 615 nec
516 542 592 615 aliis
608 543 676 616 alia
689 543 878 640 permixta,
899 566 1036 615 caesurae
1058 541 1237 639 multiplici
1255 553 1289 613 et

273 667 368 740 molli
378 667 471 738 flexu
481 663 660 739 sententia
670 667 1040 763 circuitumvariosque
1057 677 1172 739 motus
1186 690 1290 739 aemu-

273 771 401 864 lantur.
423 789 523 876 Quod
543 792 816 865 animadvertere
835 792 915 865 licet
940 791 995 864 vel
1018 795 1056 866 in
1080 792 1188 866 nobili
1213 793 1290 865 fra-

273 927 367 988 trum
384 916 528 1012 augurio
544 941 553 986 :

441 1109 599 1172 Curanteis
611 1130 722 1185 magna
735 1130 805 1172 cum
816 1128 903 1184 cura,
926 1116 983 1172 etc.

322 1304 394 1377 lllic
407 1305 514 1390 enim,
535 1315 575 1378 ut
586 1304 679 1402 apud
687 1305 839 1377 Ennium
853 1305 1071 1402 plerumque,
1091 1305 1242 1403 gravitas
1256 1315 1291 1376 ct

274 1428 466 1527 amplitudo
484 1430 724 1525 reperiuntur,
753 1430 862 1500 oratio
890 1428 1090 1502 mollescere
1109 1439 1144 1500 et
1161 1426 1290 1500 inflecti

272 1551 426 1637 laborat,
447 1575 636 1649 versusque
660 1551 726 1624 sibi
750 1555 962 1625 constantior
986 1565 1020 1625 et
1043 1551 1186 1652 rigidior
1210 1577 1292 1626 mo-

274 1679 339 1752 dus
357 1676 564 1775 aliquando,
585 1702 648 1749 nec
665 1677 858 1765 infeliciter,
878 1679 1098 1778 infringitur:

359 1883 438 1945 Hinc
451 1883 565 1945 Remus
577 1885 709 1963 auspicio
723 1901 754 1944 se
770 1885 907 1957 devoret,
922 1887 1014 1962 atque
1030 1883 1194 1945 secundum

356 1990 443 2053 Solus
460 2009 547 2052 avem
564 1994 673 2063 servat,
693 1995 752 2052 etc.

355 2192 396 2253 Et
412 2192 501 2256 simul
518 2211 556 2254 ex
572 2193 633 2254 alto
651 2192 740 2266 longe
759 2191 937 2270 polcerrima
955 2207 1086 2269 praeceps

358 2299 447 2363 Loeva
463 2299 574 2360 volavit
587 2300 660 2359 avis.

326 2483 392 2565 Sed
411 2493 477 2565 hoc
495 2492 633 2565 duriore
652 2515 735 2564 casu
747 2513 862 2562 nonne
876 2499 1016 2584 stupent
1033 2487 1160 2560 aures?

320 2771 323 2776 Ι
356 2685 551 2772 Exspectant,
569 2690 663 2752 veluti
683 2687 803 2762 consul,
824 2706 920 2766 quum
935 2687 1055 2747 mittere
1069 2686 1191 2761 signnm

356 2801 438 2875 volt,
452 2805 511 2863 etc.

357 2911 405 2973 Sic
415 2912 606 2992 exspectabat
619 2910 745 2990 populos
756 2913 846 2986 atque
862 2924 915 2968 ora
928 2906 1050 2968 tenebat

358 3020 516 3094 liebus‚...

324 3213 412 3284 Fieri
426 3233 677 3307 nonnunquam
694 3217 828 3304 potest,
843 3216 884 3276 ut
898 3205 935 3276 in
954 3201 1216 3302 monosyllabon
1237 3202 1294 3275 de-

277 3339 411 3412 sinente
424 3363 541 3422 versu,
560 3334 684 3408 nobilis
704 3331 870 3404 efficiatur
886 3330 1013 3427 imago.
1036 3332 1108 3402 Hoc
1127 3329 1219 3401 enirn
1236 3327 1293 3402 de-

278 3462 384 3538 lector
398 3490 407 3535 ε

356 3657 447 3721 Laeva
459 3654 570 3716 volavit
585 3658 663 3729 avis,
685 3653 773 3716 simul
787 3671 897 3716 aureus
911 3650 1043 3712 exoritur
1058 3651 1112 3711 sol.

278 3846 324 3919 At
337 3845 422 3920 mihi
439 3845 555 3918 minus
572 3843 805 3941 approbatur:
866 3925 869 3932 ,

360 4053 439 4116 Exin
454 4052 578 4115 candida
592 4070 623 4113 se
635 4049 725 4114 radiis
743 4049 825 4110 dedit
841 4049 899 4110 iota
913 4047 992 4109 foras
1005 4046 1070 4107 lux.
