2994 4774
708 1247 735 1316 l.

460 1521 500 1569 nn
525 1520 613 1569 Ponsl
639 1518 819 1568 LATINORUM
849 1517 983 1575 suuldus

257 1710 298 1754 BT
311 1709 446 1757 moino
462 1709 643 1775 umanum
655 1693 755 1754 'VERSU
768 1707 851 1752 ANTE
865 1703 1025 1752 CICERONIS
1038 1703 1185 1749 ΕἸῊἚΜ.
1296 1755 1298 1759 Ι

265 2006 283 2046 ‹
300 1979 457 2064 Ennius,
475 1977 665 2061 Pacuvius,
686 1976 825 2062 Attius,
844 1978 893 2050 ait
908 1977 1046 2063 Cicero,
1063 1975 1234 2071 multique

211 2099 272 2173 alii
289 2125 358 2175 non
370 2089 478 2174 ¹verba
494 2100 555 2173 sed
568 2101 640 2172 vim
653 2112 897 2197 expresserunt
910 2103 1107 2173 Graeoorum
1123 2099 1189 2195 (1).
1212 2127 1229 2166 ›

211 2227 274 2299 Cui
296 2227 477 2299 sententiae
494 2249 565 2298 non
590 2225 741 2298 multum
764 2224 863 2297 abest
888 2225 974 2322 quin
996 2224 1161 2307 omnino,
1180 2221 1236 2295 vel

211 2359 379 2452 majorem
390 2353 427 2424 in
440 2363 576 2450 partem
587 2352 833 2424 assentiamur.
844 2351 921 2423 *illis
934 2351 1026 2423 enim
1040 2350 1150 2446 poetis
1163 2349 1236 2421 vim

210 2477 325 2548 inesse
355 2479 552 2550 Graeeorum
584 2476 675 2569 ultro
706 2474 922 2562 concedens,
948 2475 991 2548 de
1017 2474 1133 2547 verbis
1164 2496 1235 2546 non

212 2599 298 2672 nihil
315 2625 336 2672 a
351 2602 512 2674 Cicerone
525 2599 715 2688 dissideas,
731 2600 905 2697 siquidem
919 2602 1071 2673 Ennium
1086 2598 1237 2672 Attium·
1348 2641 1349 2645 =

213 2745 282 2816 que
297 2723 400 2817 paulo
412 2724 614 2820 diligentius
628 2724 821 2796 attendenti
834 2736 993 2796 constare
1008 2734 1142 2820 potest,
1158 2721 1236 2795 illos
1300 2791 1301 2794 ,

214 2849 412 2920 Graecorum
428 2849 533 2920 etiam
556 2848 736 2920 amuletos
754 2847 984 2945 elegantiam,
1006 2873 1127 2921 eorum
1144 2872 1237 2944 quo-

201 2995 282 3070 que
297 2972 412 3045 verbis
430 2972 664 3069 exprimendis
681 2972 995 3069 operamquamuis
1011 2971 1236 3044 infeliciorem

212 3089 402 3170 addidisse.
421 3097 564 3170 Initium
580 3097 686 3195 igitur
701 3095 807 3195 hujus
827 3095 1070 3194 disputationis
1080 3121 1105 3172 ‚a
1120 3097 1236 3172 verbis

212 3235 248 3296 et
267 3222 387 3321 lingua
408 3232 553 3296 vetustae
574 3223 709 3319 poesis,
726 3222 798 3293 vim
824 3231 860 3294 et
885 3221 1063 3321 ingenium
1089 3221 1235 3295 ulterius
1301 3252 1303 3255 ·
1330 3276 1333 3282 ·

211 3348 418 3444 inspecturi,
438 3357 594 3445 repetere
611 3357 798 3420 tentemus.

259 3473 325 3545 vix
343 3496 456 3569 operae
483 3473 636 3568 pretium
652 3472 743 3558 foret·
763 3493 997 3569 praemonere,
1017 3469 1130 3568 qualis
1152 3469 1236 3544 illo-

211 3619 290 3668 rum
314 3607 496 3693 poetarum
510 3596 635 3669 ¹uerbis
658 3594 863 3693 plerumque
882 3593 1024 3692 squalor
1043 3593 1232 3679 inhaereat,

211 3717 248 3789 ni
275 3716 542 3816 significandum
570 3728 662 3790 esset
679 3742 785 3815 quam
809 3718 980 3790 invenerit
1002 3728 1037 3790 et
1062 3717 1107 3790 sd
1131 3742 1236 3815 quem
1291 3715 1293 3718 ’

210 3838 358 3936 gradum
371 3841 506 3938 poesim
518 3832 635 3914 Cieero
647 3841 856 3939 pmvexerit.
876 3844 964 3914 Sunt
981 3841 1073 3939 apud
1088 3842 1164 3915 illos
1183 3844 1234 3914 in·

249 4088 286 4158 (⁴)
303 4088 404 4156 nosse.
419 4091 520 4163 aaa„
537 4097 570 4164 s,
585 4097 617 4150 s.-
