2966 4776
706 313 867 370 -52-

278 454 350 516 tota
365 444 421 514 vix
437 454 519 516 aetas
547 441 591 513 ad
610 442 757 540 gradum
782 468 851 539 quo
880 445 1012 516 steterit.
1035 445 1291 542 assequendum

276 569 359 640 satis
375 569 481 640 luisse
497 566 667 640 videatur.

326 694 441 777 Quum
471 718 591 766 versus
622 695 814 791 praesertim
843 693 1018 778 heroicoS,
1051 720 1154 792 super
1185 697 1290 769 aliam

274 819 483 917 rubiginem,
505 820 554 890 ita
573 818 702 892 solutos
720 830 754 891 et
767 820 931 892 informes
943 821 1151 906 invenisset,
1169 832 1209 893 ut
1222 824 1290 894 En·

274 944 342 1030 nii,
360 943 490 1016 nedum
517 943 636 1017 Lucilii
662 945 793 1040 poesis,
815 945 889 1016 sine
903 945 978 1043 lege
995 955 1102 1031 certa,
1127 945 1200 1018 sine
1217 972 1290 1020 nu-

274 1069 379 1140 meris
405 1080 439 1140 et
473 1069 585 1141 modis
609 1051 735 1164 'aspera
767 1081 968 1166 vagaretur,
997 1071 1191 1169 Virgilianae
1214 1079 1289 1171 jam

273 1193 556 1293 artis'praesciuS‚
578 1195 790 1268 luxuriantes
810 1207 845 1268 et
862 1197 1010 1270 effrenos
1031 1200 1203 1284 coercuit,
1226 1224 1288 1273 or-

273 1320 353 1394 dine
368 1321 521 1419 legitimo
536 1322 749 1417 composuit,
771 1331 806 1392 et
821 1320 1002 1418 disciplina
1010 1324 1210 1396 concinnius
1229 1325 1289 1398 ad·

271 1447 421 1520 strinxit.
443 1445 540 1518 Alter
552 1444 735 1530 illelahor,
757 1470 826 1541 quo
839 1446 1025 1519 conditoris
1043 1447 1148 1518 etiam
1164 1471 1288 1545 cogno-

269 1596 351 1644 men
362 1571 537 1644 vindicare
553 1571 735 1666 potuisset,
754 1581 789 1642 et
798 1569 912 1644 locum
928 1573 1019 1644 inter
1030 1585 1150 1669 poetas
1160 1572 1287 1646 latinos

268 1721 339 1770 non
357 1697 443 1769 adeo
463 1696 586 1794 gradui
605 1694 831 1782 dissimilem,
850 1721 918 1792 quo
929 1708 1066 1770 nostros
1084 1699 1175 1770 inter
1193 1697 1286 1770 Mal-

265 1823 372 1896 herbe
390 1824 542 1920 potitur,
559 1822 633 1895 haec
661 1823 752 1894 circa
781 1822 909 1920 pedes,
935 1835 1068 1910 matre,
1101 1823 1224 1898 modos
1251 1835 1287 1897 et

267 1971 391 2021 vocum
418 1946 638 2020 concordiam
656 1948 759 2018 anxia
779 1956 854 2046 jam
885 1947 1092 2033 sollicitudo,
1116 1948 1287 2047 judicium

265 2074 403 2170 ingenio
420 2073 617 2168 proximum
625 2073 778 2146 Ciceroni
797 2072 981 2170 contigisse
990 2071 1155 2144 declarat.
1170 2073 1291 2168 Quum'

266 2199 371 2296 igitur
400 2197 587 2272 fecundum
604 2198 703 2270 illum
724 2197 897 2282 laborem,
918 2197 1195 2294 industriamque
1219 2222 1287 2270 cu·-

266 2345 342 2394 ram
350 2324 544 2406 intuemur,
564 2321 804 2393 multominus
823 2321 974 2416 spatium
992 2321 1083 2394 inter
1102 2322 1287 2421 Virgilium

267 2457 302 2518 et
313 2448 531 2529 Ciceronem,
552 2468 657 2541 quem
676 2445 766 2515 inter
783 2444 981 2532 Ciceronem
999 2455 1034 2516 et
1049 2446 1203 2520 Ennium
1221 2471 1287 2519 ex·
1389 2461 1393 2470 '

267 2570 396 2642 stitisse
413 2569 630 2641 confitemur.
654 2567 745 2654 Quid
769 2569 861 2640 enim
879 2567 993 2642 adhuc
1010 2569 1200 2644 desiderari
1218 2596 1288 2668 po-

268 2705 355 2780 test,
376 2705 502 2766 utnon
520 2695 690 2792 imparem
706 2693 840 2792 poesim
857 2705 998 2766 nactum
1016 2696 1061 2766 sit
1076 2692 1184 2791 epos?
1200 2693 1285 2768 Mol*

268 2821 359 2894 lities
381 2821 559 2918 quadam,
578 2827 688 2919 major
704 2820 888 2893 modorum
904 2820 1073 2905 varietas,
1097 2819 1289 2894 accuratior

269 2945 1287 3043 etiamverborumdelectnsetadstrictiorusus.Quomegis

268 3095 326 3142 ma
342 3070 474 3167 Virgilii
496 3072 607 3167 piget,
628 3093 691 3141 nec
713 3069 863 3141 multum
886 3068 1005 3155 abest,
1027 3070 1109 3165 quin
1128 3094 1209 3142 eum
1226 3071 1289 3166 inf

269 3196 358 3295 grati
379 3195 485 3266 animi
509 3193 653 3266 crimine
670 3215 872 3288 persequar,
894 3203 1014 3291 utpote
1033 3195 1115 3290 qui,
1136 3196 1287 3270 auctoris

269 3319 508 3421 hujuscemodi
524 3317 710 3392 virtutibus
728 3319 862 3415 stipsis
878 3320 970 3392 vitiis
990 3319 1131 3393 edoctus
1145 3332 1180 3394 et
1193 3346 1288 3419 prae-

269 3445 442 3529 monitus,
471 3468 540 3517 non
557 3466 691 3539 aequam
718 3441 810 3515 illius
828 3443 960 3514 meritis
987 3445 1135 3541 gratiam
1158 3470 1287 3544 repen·
1404 3477 1408 3484 ·

270 3571 372 3642 derit.
894 3575 899 3588 '

319 3693 492 3762 Hactenus
517 3690 561 3763 de
584 3692 724 3788 proprie
749 3692 921 3764 Ciceronis
946 3693 1054 3787 poesi.
1083 3694 1172 3766 Satis
1191 3688 1284 3762 enim

270 3811 462 3886 ostendisse
473 3812 573 3884 nohis
589 3813 768 3896 videmur,
789 3815 868 3908 qius
884 3813 1014 3886 heroici
1029 3813 1192 3884 carminis
1207 3835 1272 3884 auc

271 3952 325 4013 tor
342 3937 523 4020 exstiterit,
543 3960 651 4033 quum
671 3962 733 4010 suo
752 3948 888 4009 tentum
904 3937 1023 4009 efflatu
1044 3935 1176 4021 fidens,
1197 3935 1285 4008 viri-

270 4065 336 4136 bus
350 4070 560 4161 majoremet
571 4062 708 4158 ingenio
721 4063 835 4136 minus
848 4072 1094 4158 congruentem
1103 4058 1282 4134 materiam
