2994 4774
644 323 801 380 -¹9·-·

294 447 431 534 Undique
445 454 565 514 nitendo
580 470 689 533 corpus
699 453 866 534 discerpere
879 453 974 533 ferro;
1042 441 1044 448 ’

281 563 423 644 'Semper
438 563 623 624 abundantes
638 563 741 626 hastas
755 562 926 643 frangitque
941 566 1110 643 quatitque.

194 755 197 761 ’
264 751 380 834 Quum
392 749 474 822 talia
486 748 572 821 nulli
583 748 724 820 taedium
735 749 840 822 affere
851 751 1004 847 possint,
1017 749 1111 828 aliud
1125 751 1228 822 etiam

215 875 328 973 placet
349 876 582 972 fragmentum
607 873 795 972 subjicere,
817 882 914 972 cujus
941 897 1120 972 expresses
1136 876 1231 946 ima-

216 1001 313 1098 gines
328 1001 480 1072 maxima
495 1022 566 1072 non
584 997 781 1071 dubitemus
796 998 1022 1072 admiratione
1035 999 1197 1096 prosequi
1219 1025 1228 1070 :

296 1215 417 1279 Clamor
433 1217 457 1277 it
473 1216 510 1277 ad
524 1217 675 1278 eoelum...

295 1301 369 1384 Inde
383 1323 442 1385 loci
455 1323 549 1384 lituus
561 1325 675 1384 sonitus
689 1321 816 1384 effundit
830 1326 943 1384 acutos.
1012 1375 1019 1386 .

296 1429 397 1492 Africa
408 1431 533 1492 terribili
551 1433 657 1494 tremit
665 1431 786 1494 horrida
800 1434 882 1492 terra
895 1431 1048 1508 tumultu;

298 1536 436 1618 Undique
456 1541 640 1602 multimodis
652 1541 839 1601 consumitur
852 1541 940 1600 anxia
952 1539 1049 1613 curis3

297 1647 445 1711 Omnibus
464 1651 540 1712 endo
560 1650 633 1711 locis
650 1652 754 1724 ingens
773 1651 898 1730 apparet
917 1649 1017 1722 imago

299 1757 459 1820 Tristities.

267 1964 327 2036 His
344 1964 505 2037 omnibus
529 1989 600 2038 non
624 1964 727 2037 modo
742 1964 928 2046 verborum
951 1966 1024 2049 vis,
1043 1962 1180 2061 pondus
1202 1974 1236 2034 et

219 2085 390 2184 dignitas,
421 2087 482 2160 sed
503 2096 577 2187 jam
607 2088 700 2162 color
728 2091 818 2162 inest
848 2100 881 2161 et
909 2091 980 2161 uita
1008 2090 1137 2184 spirat;
1162 2095 1236 2186 jam

219 2215 354 2309 pictura
373 2215 486 2309 poesis
511 2214 644 2298 evadit,
667 2224 700 2286 et
716 2237 826 2312 pauca
851 2237 1031 2311 superesse
1054 2212 1233 2296 videntur,

220 2362 297 2435 quae
312 2341 428 2412 Cicero
447 2351 481 2411 et
495 2340 658 2439 Virgilius
676 2340 885 2436 perficienda
903 2340 1103 2435 suscipiant.
1122 2339 1237 2423 Quum

220 2465 575 2562 enimapudEnnium
592 2464 757 2562 pleraque
776 2468 942 2563 gravitate
962 2463 1068 2538 nobili
1084 2464 1235 2561 vigeant,

222 2573 385 2659 orationis
402 2588 471 2660 illic
490 2573 671 2660 mollitiem
691 2599 724 2660 et
747 2579 880 2660 motum
897 2587 1147 2690 desideremus.
1171 2584 1237 2658 Sed

222 2708 259 2777 in
280 2731 321 2778 ea
340 2732 476 2804 quoque
499 2722 598 2806 parte
618 2707 776 2782 nonnihil
797 2710 973 2783 elaborat:
999 2710 1133 2782 variare
1158 2734 1240 2781 mo-

224 2827 300 2914 dos,
311 2853 431 2901 versus
442 2829 594 2929 rigidum
610 2842 779 2916 tenorem,
794 2842 828 2903 et
842 2833 941 2927 quasi
953 2831 1102 2903 ferream
1111 2831 1239 2903 molem

223 2953 398 3026 inflectere
416 2966 572 3028 conatur.
587 2959 686 3041 Haec,
708 2957 782 3028 sine
800 2955 918 3042 dubio,
932 2955 1070 3029 levitate
1089 2957 1240 3054 quadam
1282 2939 1284 2944 ¹

223 3088 460 3175 temperantur
471 3090 506 3150 et
524 3081 730 3152 sententiam
749 3082 932 3180 expingere
950 3081 1189 3154 contendunt:

305 3288 438 3354 Verrunt
451 3293 602 3371 extemplo
615 3293 732 3372 placide
746 3311 840 3365 mare,
856 3310 1007 3354 marmore
1022 3291 1115 3364 flavo,

309 3399 479 3462 Caeruleum
492 3406 613 3482 spumat
626 3402 697 3475 sale,
711 3400 846 3462 conferta
861 3406 927 3462 rate
943 3401 1078 3479 pulsum.

306 3507 432 3568 labitur
445 3514 538 3571 uncta
555 3512 667 3583 carina,
689 3511 770 3572 volat
789 3529 880 3589 super
898 3511 1030 3590 impetus
1042 3507 1149 3580 undae,

308 3614 412 3690 Quum
424 3617 529 3696 procul
542 3619 689 3699 aspiciunt
709 3618 810 3679 hostes
828 3617 969 3679 accedere
985 3617 1119 3688 semeis,

309 3725 434 3788 Navibu’
454 3727 599 3802 velivolis,
619 3745 728 3802 magno
748 3728 882 3790 clamore
901 3727 1055 3788 bovantes.

276 3929 452 4013 Attamen,
463 3929 500 3998 in
511 3928 577 4001 hoo
591 3929 797 4024 praesertim,
808 3922 934 3999 infelici
945 3924 1096 4024 quadam
1113 3933 1243 4017 tempo-

229 4049 277 4122 ris
295 4050 508 4136 conditione,
528 4061 648 4146 peceat
659 4050 808 4122 Ennius.
830 4050 951 4147 Bigfdo
970 4060 1004 4122 et
1019 4049 1164 4120 infracto
1181 4066 1243 4116 ro·-
