2954 4776
575 274 696 332 ...η-ι
719 307 755 318 ..

149 415 223 484 tem
247 403 350 481 leude
373 405 448 489 sine
464 406 694 499 metuarensis
710 405 855 502 potitur.
876 406 989 490 Quom
1005 431 1050 480 ne
1062 407 1170 482 flocci
1253 427 1256 434 ·

147 528 340 616 faciamus,
371 529 716 612 animadvertendum
747 540 800 603 ent
826 531 931 602 Ennii
956 554 1078 604 versus
1102 531 1171 604 he—

148 654 263 726 roicos
280 653 324 726 ab
338 653 542 730 illomirum
553 653 592 724 in
607 651 751 726 modum
768 653 921 726 excultos
934 654 1040 726 luisse
1056 710 1066 740 ‚
1084 656 1171 728 Attii

148 799 290 850 musam
319 753 554 874 expolitionem
583 777 755 862 evasisse,
789 786 825 848 et
855 777 1003 851 Lucretii
1032 801 1172 875 quoquc

150 923 301 999 genuen
317 903 477 986 Cicerone
496 901 670 1000 Georgicis
689 901 817 976 futuris
830 913 1012 998 peratum,
1029 903 1172 1001 Virgilio

151 1027 267 1111 viem,
287 1037 327 1100 ut
347 1034 421 1126 jam
447 1026 539 1112 dixi,
560 1025 811 1123 praemuniisse.
840 1025 925 1098 lude
950 1051 1054 1124 quom
1081 1027 1174 1100 inter

152 1163 273 1248 poetes
294 1151 421 1224 latinos
438 1151 489 1222 illi
506 1149 660 1249 gradum.
669 1149 857 1224 concedam
872 1153 1086 1248 adquirens,
1102 1175 1173 1224 non
1257 1153 1259 1157 ’

152 1276 305 1351 multum
327 1276 446 1362 obest,
472 1277 557 1372 quin
582 1275 730 1348 arbitrer
745 1276 920 1371 proximas
943 1286 1061 1348 nostro
1079 1275 1173 1348 Mel-

152 1401 260 1474 herbe
277 1401 375 1474 vices
389 1401 440 1474 illi
462 1401 660 1498 contigisse.
678 1401 754 1474 Nou
773 1401 849 1496 pari
868 1399 1009 1497 quidem
1033 1401 1172 1498 ingenio

151 1527 265 1624 viget,
294 1525 355 1598 sed
381 1551 451 1598 uon
474 1525 668 1597 absimilem
687 1547 829 1596 sensum
847 1535 882 1596 et
901 1523 1073 1623 judicium
1091 1547 1173 1596 sor-

153 1650 256 1734 titus,
282 1647 326 1720 ab
345 1649 498 1730 oratione
525 1649 638 1721 solute
661 1649 833 1744 poeticum
860 1648 1046 1734 discernit,
1067 1647 1175 1722 verba

152 1772 359 1870 perpendit,
389 1773 510 1847 modos
544 1773 746 1862 concinunt,
777 1783 968 1846 metrorum
998 1773 1174 1856 licentiam

153 1907 310 1982 coercet,
331 1907 366 1968 et
390 1895 612 1969 nascentibus
638 1895 750 1992 poetis
776 1897 944 1992 aptiorem
967 1895 1122 1994 linguam
1140 1907 1176 1968 ct

153 2044 237 2118 opes
257 2021 444 2094 ministret.

201 2142 310 2216 Nobis
332 2145 458 2242 igitur,
478 2165 548 2239 qno
572 2143 685 2238 possis
703 2144 854 2240 nequiore
867 2142 998 2242 judicio
1019 2143 1175 2218 carmine

154 2265 327 2343 Ciceronis
343 2247 534 2348 estimare,
554 2268 787 2342 necessarium
803 2266 960 2352 videtur,
980 2276 1023 2338 ut
1037 2267 1134 2363 prius
1151 2291 1175 2338 e

154 2401 256 2488 poete
277 2413 446 2482 versuum·
464 2390 632 2478 artificem
649 2391 841 2467 discemus.
863 2393 945 2465 Hoc
958 2391 1174 2487 separatione

155 2535 231 2592 nou.
242 2512 296 2583 usi
315 2511 512 2589 criticorum
532 2511 687 2608 plerique
702 2514 740 2586 in
757 2513 1174 2588 diversissimasseuten-

131 2643 140 2654 ‘
159 2634 224 2706 tias
234 2635 361 2726 abiere,
371 2658 479 2730 quum
492 2635 549 2706 alii
564 2636 843 2730 pessimum,elii
851 2638 1175 2734 praestantissimum

157 2757 1175 2858 poetnmCiccronemhabuerint.Quorumtcstimouiastric·

157 2884 220 2956 tim
236 2885 406 2982 attingere
421 2883 539 2966 liccat,
556 2891 591 2952 et
609 2882 724 2955 medio
735 2881 857 2982 judicii
873 2882 941 2989 vin-2
948 2884 1176 2982 aversasopi·

155 3010 277 3086 niones
292 3032 511 3107 componere.
907 3091 926 3110 ,Ι
1096 3095 1100 3100 ,

203 3131 338 3204 Leviter
364 3132 556 3208 attendenti
582 3157 646 3208 suo
673 3133 828 3211 carmine
849 3132 966 3206 Cicero
982 3132 1049 3205 uin
1064 3132 1174 3210 vulline

155 3242 325 3329 momenti
342 3241 463 3332 iecisse
479 3259 626 3332 videtur.
642 3260 741 3330 Nunc
757 3258 850 3328 enim
865 3257 936 3329 vim
953 3266 988 3326 et
1004 3254 1173 3351 impetum

155 3381 298 3456 omniuo
318 3381 384 3454 sibi
401 3383 534 3470 deesse,
555 3384 683 3481 quippe
699 3384 758 3480 qui
775 3378 1026 3456 invitoscribet
1038 3381 1169 3466 animo,

156 3517 192 3579 et
208 3505 252 3579 oh
268 3505 387 3603 petrice
409 3518 538 3580 sortem
553 3507 765 3606 gravioribus
782 3506 873 3578 curis
892 3505 1040 3603 agitato,
1060 3503 1173 3578 decla·

155 3643 212 3706 ret
227 3632 293 3731 (1);
305 3657 398 3705 nunc
413 3633 500 3706 «illa
515 3635 645 3719 omnia,
664 3633 798 3730 inquit,
816 3631 902 3708 mih-i
920 3630 1171 3729 magis,·.scripsi

157 3781 263 3854 quam
283 3758 414 3830 caetcris
437 3757 535 3854 (2).»

193 3944 230 4015 (l)
248 3941 288 4001 Ad
302 3943 439 4012 Quintum,
455 3942 475 4000 l.
490 3946 521 4008 8,
536 3941 621 4015 Epist.
638 3944 664 4009 l,
678 3943 705 3998 t.
763 3967 764 3973 κ

194 4041 231 4110 (2)
249 4039 289 4096 nd
303 4040 440 4109 Quintum,
455 4039 474 4096 l.
490 4043 522 4111 2,
537 4042 564 4096 9.
