2966 4776
608 312 767 370 ..⁸13-

262 439 335 504 llaec
348 440 431 504 lama
444 444 491 502 est
503 441 673 514 hominum,
689 441 768 519 haec)
785 459 838 521 per
852 448 948 504 terras
959 443 1042 508 ‘lama
1052 452 1197 524 vagatur:

265 549 304 613 Ut
314 551 467 630 quondam
481 547 575 613 Orion
588 550 729 612 manibus
741 551 868 613 violasse
880 551 1009 618 Dianam

263 660 396 735 Dicitur,
413 661 535 721 excelsis
548 678 651 723 errans
664 661 697 721 iu
709 660 835 722 collibus
850 679 970 737 amens,

241 783 242 786 ’
265 769 349 846 Quos
363 775 446 832 tenet
463 769 568 845 AEgaeo
581 770 681 832 defixa
693 771 726 831 in
742 771 860 846 gurgite
875 770 969 834 Chius

262 877 422 954 Bacchica,
438 897 532 956 quam
546 879 634 940 viridi
651 880 796 940 convestit
809 881 943 953 tegmine
953 880 1035 942 vitis.

263 986 321 1048 Ille
331 985 410 1048 ieras
423 1004 526 1048 uecors
539 987 652 1048 amenti
665 987 754 1062 corde
769 987 912 1064 necabat,

263 1093 446 1176 Ollnopionis
461 1114 552 1158 avens
564 1096 668 1176 epulas
681 1113 789 1157 ornare
802 1098 946 1158 nitentes.

263 1203 304 1268 At
316 1223 404 1279 vero,
418 1205 544 1286 pedibus
559 1205 657 1266 subito
669 1223 812 1285 percussa
823 1204 945 1278 nime,

264 1312 367 1376 Insula
381 1313 528 1387 discessit,
539 1313 725 1392 disjectaque
739 1330 811 1374 sara
825 1312 972 1375 revellens

264 1420 412 1497 Perculit,
428 1427 458 1485 et
472 1441 564 1486 cacas
574 1423 714 1486 lustravit
728 1421 795 1484 luce
806 1421 954 1498 lacunas3

264 1529 291 1594 E
303 1532 412 1610 quibus
426 1533 541 1606 ingenti
556 1533 670 1593 exsistit
684 1549 755 1592 cum
770 1549 893 1610 corpore
906 1548 968 1611 praa
980 1548 1012 1592 se

265 1639 407 1721 Scorpius
418 1639 559 1716 infestus,
575 1643 761 1721 praeportans
776 1640 874 1701 flebile
889 1658 1028 1702 acumen.

265 1749 323 1813 Hic
338 1752 438 1814 valido
453 1754 561 1833 cupide
578 1757 740 1844 venantem
754 1753 881 1833 perculit
897 1753 976 1825 ictu,

265 1860 458 1941 Mortiferum
474 1864 506 1922 in
520 1880 612 1925 renas
625 1861 721 1936 figens
732 1881 785 1943 per
796 1863 924 1923 vulnera
936 1862 1018 1922 virus
1032 1877 1041 1920 :

267 1966 323 2030 Ille
335 1972 419 2044 gravi
431 1972 563 2032 moriens
576 1973 738 2031 constravit
751 1989 874 2050 corpore
888 1965 1012 2031 terram.

266 2074 370 2149 Quare
381 2098 478 2157 quum
493 2079 610 2153 magnis
624 2097 688 2141 sese
701 2081 785 2160 Nepa
797 2079 917 2140 lucibus
932 2077 1036 2151 effert,

267 2183 362 2248 Orion
374 2186 494 2264 fugiens
506 2189 697 2251 commendat
712 2207 838 2270 corpora
850 2188 951 2250 terris.

233 2407 331 2483 Mitto
347 2409 456 2484 fidem
471 2412 509 2482 in
523 2420 596 2484 tam
612 2410 732 2483 multis
749 2411 833 2483 satis
850 2417 1080 2513 perspectam.
1098 2404 1204 2476 Orion

186 2555 267 2606 vern
291 2546 325 2606 et
348 2535 462 2608 insula
483 2537 692 2632 prasertim,
709 2560 816 2633 quarn
836 2546 973 2608 tantum
989 2529 1120 2606 Aratus
1135 2552 1205 2601 no-

189 2655 314 2742 minat,
332 2657 389 2730 hie
405 2661 537 2754 poetice
555 2658 812 2733 describuntur.
856 2705 857 2712 κ

311 2855 495 2938 OEnopionis
507 2875 612 2934 arens,
628 2863 701 2933 etc,

189 3069 397 3170 elegantiore
413 3095 515 3145 versu
533 3081 640 3169 quam
653 3069 719 3145 hoc
736 3071 904 3144 Arateum
925 3093 1000 3142 rem
1019 3065 1175 3166 depingit
1195 3087 1205 3139 ε
1324 3173 1326 3180 y

268 3269 442 3334 venationis
457 3273 667 3335 administrans
683 3273 728 3335 illi
742 3275 871 3348 gratiam
883 3271 1069 3354 OEnopioui.

238 3464 309 3539 Illis
328 3477 446 3540 autem
466 3468 577 3543 tribus
592 3491 674 3542 rere
690 3435 858 3542 mirandis
877 3492 887 3540 a

231 3739 233 3746 ,
310 3675 435 3738 Atvero
449 3677 585 3757 pedibus,
601 3679 681 3754 etc.;

190 3870 342 3933 extremo
361 3860 551 3957 prasertim
573 3879 582 3932 t

272 4064 411 4142 Perculit,
429 4073 459 4131 et
475 4087 567 4133 caecas
582 4067 721 4132 lustravit
734 4067 801 4130 luce
814 4063 952 4137 lacunas,
