2954 4776
728 329 909 388 -138-

335 496 377 511 -
418 465 470 523 51.
493 461 553 524 Sed
571 460 642 539 quid
656 459 749 522 oeulis
769 459 876 522 tabere
890 461 953 522 visa
971 465 1016 522 est
1034 460 1195 542 derepente
1214 461 1324 526 ardeu-

1105 611 1106 616 .
1139 563 1251 648 [tibusi
1265 571 1323 628 ete.

339 707 381 720 -
421 675 473 734 56.
493 673 667 735 Flexenime
690 676 836 750 tanquam
863 670 1040 752 lymphata,
1065 677 1118 734 eui
1143 675 1251 736 Bacchi
1274 694 1327 738 sa-

1162 779 1250 866 [cris,
1266 789 1325 846 ete.

337 922 379 936 -
420 891 472 950 57.
494 887 558 962 Ego
572 888 733 967 providebo
747 907 813 949 rem
828 891 915 950 istem
932 893 963 950 ei
977 889 1053 950 albae
1066 889 1214 965 Virgines.

338 1031 379 1044 -
421 999 471 1058 50.
494 995 597 1060 Eheu!
615 997 713 1057 videte
730 997 897 1076 :judicavit
913 998 1073 1072 inclutum,
1093 1003 1151 1060 etr.

314 1105 349 1166 L.
372 1106 407 1180 9,
423 1107 475 1168 66.
494 1104 520 1166 O
540 1109 640 1168 sancte
651 1105 772 1186 Apollo,
790 1107 841 1184 qui
855 1106 1032 1168 umbilicum
1046 1112 1162 1169 certum
1176 1111 1328 1170 terrarum

1173 1218 1328 1280 obsides...

495 1321 613 1383 Croesus
626 1321 738 1402 Halym
749 1327 909 1405 penetrans
921 1341 1063 1396 maguam
1075 1214 1225 1404 perve[riet
1235 1345 1330 1406 opum

1244 1433 1329 1518 prm.

365 1615 411 1686 De
429 1619 549 1710 officiis.

317 1842 353 1903 L.
372 1845 407 1917 1,
426 1843 476 1903 18.
499 1841 559 1902 Vos
567 1843 690 1915 etenim,
699 1843 835 1922 juvenes,
850 1843 985 1903 animum
997 1844 1097 1917 geritis
1107 1841 1328 1908 muliebrem...

499 1949 640 2025 salmati,
656 1952 693 2014 da
707 1952 800 2031 spolie
813 1955 875 2013 sine
889 1954 996 2014 sudore
1014 1957 1044 2014 et
1057 1956 1216 2028 sanguine.

341 2091 383 2105 -
423 2059 474 2118 59.
625 2058 774 2121 Odomus
788 2062 928 2140 antiqua,
945 2062 1023 2136 heu,
1038 2081 1130 2141 quam
1147 2064 1258 2143 dispari

501 2164 662 2226 Dominare
679 2166 815 2228 domiuo!

317 2273 352 2334 L.
375 2275 411 2348 5,
429 2277 480 2336 26.
502 2272 593 2355 Cujus
607 2277 670 2355 ipse
684 2279 820 2357 princeps
830 2278 906 2357 juris
917 2278 1039 2356 jurandi
1052 2276 1124 2354 fuir,
1142 2282 1201 2339 etc.

343 2417 385 2431 ·-
426 2386 477 2446 29.
500 2384 604 2464 Neque
617 2386 702 2459 dedi,
719 2406 817 2466 neque
831 2388 869 2447 do
882 2387 995 2448 infideli
1010 2389 1163 2466 cuiquam.

365 2647 418 2716 Ex
434 2647 580 2738 Epistoiis
597 2645 641 2718 ad
659 2647 825 2719 Atticum.

318 2903 353 2964 L.
377 2905 412 2975 1,
432 2904 484 2961 18.
729 2901 796 2961 Νο11
814 2901 916 2973 homo,
934 2900 985 2960 sed

620 3007 705 3068 liitus
720 3014 810 3086 atque
825 3028 875 3070 aer
889 3012 919 3069 et
935 3008 1063 3068 solitudo
1078 3025 1173 3068 mera.

319 3115 355 3176 L.
378 3116 409 3188 1,
434 3115 485 3175 18.
504 3112 652 3193 Displieeo
665 3115 740 3175 mihi
754 3131 809 3174 nec
821 3117 884 3174 sine
901 3131 1019 3174 summo
1034 3113 1130 3176 scribo
1144 3112 1259 3176 dolore.

347 3255 389 3268 -
430 3225 482 3284 19.
504 3222 613 3283 Nostra
627 3225 747 3284 miserie
764 3227 799 3283 tu
818 3241 849 3283 es
864 3223 1030 3296 Magnus...

501 3329 648 3392 Eamdem
658 3332 801 3392 virtutem
815 3332 905 3391 istum
915 3332 1014 3391 veniet
1027 3334 1146 3408 tempus
1157 3347 1253 3407 quum
1265 3347 1331 3402 gra·

1115 3436 1202 3522 [viter
1219 3455 1330 3514 gemes.

216 3627 218 3629 Ι
502 3547 533 3610 Si
547 3566 644 3626 neque
655 3548 737 3624 leges
750 3567 849 3627 neque
864 3565 961 3609 mores
973 3551 1097 3622 cogunt.

323 3653 358 3714 L.
381 3654 410 3726 6,
431 3656 482 3716 16.
890 3654 1015 3717 Clitellae
1029 3654 1097 3717 bovi

501 3761 577 3823 Sunt
591 3764 753 3841 impositae,
772 3762 894 3839 cillane3
911 3781 973 3823 non
985 3766 1029 3821 esi
1041 3765 1176 3822 nostrum
1191 3777 1279 3820 onus.
1382 3783 1389 3800 ·

322 3870 358 3931 L.
379 3871 409 3943 6,
432 3871 463 3930 5.
953 3871 1083 3934 Granius
1099 3875 1201 3933 auiem

504 3976 571 4039 Nou
587 3984 776 4042 contemnere
790 3999 822 4042 se
835 3986 865 4042 et
877 3999 962 4055 reges
974 3981 1069 4043 odisse
1084 3980 1238 4062 superbos.

325 4086 360 4146 L.
384 4087 418 4159 8,·
432 4086 484 4148 96.
509 4085 539 4146 Si
554 4090 583 4146 te
599 4090 728 4150 secundo
742 4088 857 4150 lumine
870 4089 919 4150 hir
932 4087 1083 4150 offendero
