2966 4776
571 323 734 379 ...89-

225 453 282 516 flia
297 454 371 514 situs
385 462 430 512 est
445 452 514 514 vita
526 451 591 530 ium
606 451 724 530 pridem
739 451 855 513 lumina
876 451 1034 529 linquens,

223 559 285 634 Oui
299 561 451 640 quondam
465 558 611 650 Hectoreo
626 559 783 638 perculsus
796 558 924 620 concidit
943 575 1032 634 ense;

222 668 348 735 Fabitur
363 671 429 734 beo
445 671 570 749 aliquis:
586 689 656 734 mea
679 687 796 750 semper
811 669 906 744 gloria
919 671 999 730 vivet
1014 666 1072 750 (tlt

191 849 273 932 Qua
297 848 442 923 laudans
466 850 576 923 Aulus
591 850 720 924 Gellius
732 859 813 950 Jure
835 850 977 948 quidem
995 846 1160 922 animad-

141 975 244 1046 vertit
260 977 415 1048 Hectoris
433 975 506 1048 haeo
523 974 629 1048 verba
654 962 838 1072 perperam
859 974 903 1047 ad
921 975 1063 1072 Ajacem
1075 997 1096 1044 a
1107 972 1160 1045 Ci-

52 1161 57 1170 .
143 1121 265 1170 cerone
279 1100 446 1171 translata
462 1099 569 1172 inisse
587 1125 595 1172 :
618 1100 767 1172 nominis
785 1101 843 1171 vix
857 1121 973 1171 erroro
991 1096 1157 1183 notando,

143 1242 251 1314 quum
263 1219 392 1318 alioqui
404 1232 527 1295 sensus
547 1222 699 1306 obfides,
720 1224 753 1295 si'
766 1224 939 1295 minuans
954 1219 1158 1306 rotundum,

142 1343 191 1416 ibi
208 1359 401 1420 seruentur.
1005 1443 1007 1446 Ι

179 1472 391 1545 ¹Orationem
416 1474 529 1547 adhuc
546 1476 582 1546 in
599 1499 704 1571 supra
729 1464 950 1558 memoratis,
971 1471 1037 1544 alio
1055 1471 1162 1567 respi-

144 1597 295 1684 cientes,
313 1600 371 1671 vix
383 1599 606 1671 attendimus.
634 1599 680 1671 At
696 1601 733 1671 in
752 1609 823 1671 tam
840 1599 958 1695 paucis
979 1621 1090 1695 pauca
1112 1595 1163 1668 di·

142 1722 253 1796 cenda
279 1738 373 1800 sunt.
401 1728 463 1798 Hie
493 1728 597 1801 etiam
626 1726 787 1823 epithetis
819 1724 1005 1822 aliquando
1035 1723 1162 1797 diffluit

141 1872 283 1935 versus,
307 1851 504 1949 longiorave
536 1843 726 1937 contrahit3
746 1852 806 1924 sed
826 1853 863 1923 in
882 1851 1055 1948 plerisque
1076 1875 1161 1922 ver-

142 1970 228 2043 bum
242 1973 349 2046 verbo
365 1973 510 2048 reddere
532 1977 649 2048 Cicero
666 1986 782 2060 curat,
801 1999 882 2048 eum
908 1975 1112 2070 exemplaris
1128 1974 1163 2046 vi

143 2106 178 2168 et
194 2096 417 2194 imaginibus,
434 2119 505 2170 non
522 2099 571 2170 ita
586 2097 687 2184 felix,
707 2097 839 2171 audens
856 2109 974 2170 tamen
991 2095 1159 2179 decertat,

145 2233 179 2292 et
195 2245 315 2318 presse
337 2222 488 2319 plurima
512 2225 692 2297 conventit.
719 2223 773 2296 Ab
797 2234 936 2296 auctore
956 2223 1108 2294 monitus
1129 2231 1164 2326 et

144 2349 334 2432 coercitus,
352 2348 447 2448 inani
464 2349 718 2446 geminatorum
734 2349 920 2421 verborum
933 2349 1038 2444 eopiae
1049 2358 1084 2419 et
1097 2346 1163 2419 sibi

145 2472 366 2546 similioribus
396 2477 607 2548 ornamentis
642 2475 799 2548 diffidere
821 2483 896 2575 jam
926 2475 1040 2548 discit.
1069 2475 1163 2558 Quas

148 2600 309 2670 orationis
323 2600 469 2672 virtutes
488 2599 694 2686 observare,
714 2625 758 2672 ne
787 2600 902 2673 dicam
921 2600 1106 2684 admirari,
1124 2609 1171 2670 ut.

149 2721 186 2792 in
203 2723 369 2820 ampliore
393 2725 491 2809 loco,
521 2725 713 2797 seeundum
740 2724 784 2796 de
813 2728 1001 2796 divinatione
1035 2723 1163 2796 librum

149 2847 316 2921 evolventi
333 2849 461 2922 licebit.
487 2851 565 2921 Hae
581 2873 644 2922 nos
664 2857 854 2945 praemonet
870 2848 1010 2920 Cicero:
1038 2874 1053 2913 a
1072 2846 1162 2918 Nam

146 2971 233 3046 illud
262 2975 420 3060 mirarer,
451 2975 481 3046 si
509 2973 704 3056 crederem,
731 2971 825 3069 quod
854 2971 946 3070 apud
975 2973 1162 3043 Homerum

147 3094 263 3168 dixisti
279 3122 322 3169 ex
333 3122 514 3196 passerum
531 3122 675 3170 numero
691 3096 773 3169 belli
787 3098 913 3196 trojani
930 3119 1039 3168 annos
1057 3119 1164 3194 augu÷

148 3232 263 3294 ratum
281 3249 290 3295 :
310 3222 354 3306 de
370 3232 467 3322 eujus
486 3231 683 3321 conjectura
707 3223 757 3296 sic
775 3221 867 3319 apud
895 3224 1105 3309 Homerum,
1125 3232 1167 3292 ut

147 3368 213 3418 nos
225 3346 326 3418 otiosi
339 3337 589 3432 convertimus,
611 3347 764 3444 loquitur
779 3346 1017 3444 Agamemno:

231 3541 321 3604 Ferte
333 3544 407 3614 uiri,
427 3549 457 3606 et
473 3547 564 3607 duros
579 3547 679 3606 animo
692 3545 820 3605 tolerate
834 3542 963 3615 labores,

230 3649 363 3723 Auguris
375 3655 409 3712 ut
422 3655 515 3713 nostri
527 3651 697 3715 Calchantis
711 3651 782 3712 fata'
788 3667 936 3729 queamus

232 3757 331 3835 Scire,
347 3764 467 3822 ratosne
477 3762 609 3824 habeant
620 3767 663 3824 ‘an
680 3778 772 3824 vanos
786 3761 914 3841 pectoris
927 3775 1023 3820 orsus.

229 3868 367 3948 Namque
382 3889 486 3935 omnes
502 3858 629 3934 memori
642 3875 815 3952 portentum
831 3873 933 3932 mente
947 3868 1123 3936 retractant,

188 4086 224 4156 (t)
243 4089 328 4147 dultia
345 4091 461 4164 Gellius,
477 4094 495 4150 l.
516 4051 559 4164 lb,
573 4097 618 4152 26.
