2954 4776
688 293 865 354 ...1202-

269 427 469 523 phoclisquc
502 426 726 524 fragmentis,
766 449 837 498 non
868 425 1065 496 intermisso
1085 441 1291 518 ‘progressu

270 572 371 621 musa
394 547 566 620 Ciceronis
594 547 639 620 ad
663 547 810 646 gradum
843 569 980 643 semper
1009 545 1165 617 altiorem
1188 543 1291 616 evehi

271 670 371 744 nobis
389 668 539 742 videtur.
563 669 639 742 lam
657 671 693 741 in
718 672 923 762 Propocsu'cts
941 667 1072 739 enitent
1088 664 1291 763 perficiendi

225 832 227 836 ·
270 793 369 865 labor
396 803 431 863 et
448 790 654 863 sollicitudo.
681 794 721 862 ln
744 793 893 863 Homero
917 786 1154 888 transferendo
1178 793 1292 884 major

273 914 457 988 aemulandi
477 939 560 987 cura
572 925 609 986 et
625 914 754 986 felicior
774 915 884 985 exitus
907 912 1146 984 obversantur.
1174 911 1291 995 Quum

273 1061 354 1109 vero
364 1036 568 1134 Sophoclem
576 1034 902 1132 ipsumotaudacior
912 1035 1114 1133 AEsolrylum
1123 1032 1291 1106 imitando

274 1171 490 1234 consectatur
501 1163 671 1256 interpres
686 1215 695 1244 ,
713 1159 810 1230 novis
821 1158 972 1245 viribus,
988 1170 1027 1232 ut
1040 1160 1089 1231 ita
1100 1158 1226 1245 dicam,
1241 1183 1292 1230 re-

276 1294 435 1368 creatus,
460 1308 530 1356 non
549 1285 667 1379 iniquo
691 1281 879 1356 certamine
897 1281 1114 1354 colluctatur.
1136 1282 1206 1352 llas
1225 1305 1294 1354 au-

277 1418 348 1479 tem
368 1432 451 1504 opes
463 1406 590 1504 quibus
602 1408 809 1492 instruitur,
829 1418 863 1478 et
876 1407 1063 1502 exemplari
1076 1430 1139 1478 suo
1151 1409 1295 1503 propius

278 1530 422 1615 accedit,
442 1529 535 1602 unde
545 1537 619 1627 jam
629 1529 735 1602 sumit
746 1540 781 1600 et
797 1528 1009 1625 splendidior
1024 1525 1220 1602 instaurat?
1233 1529 1295 1617 lllo

275 1655 445 1726 nimirum
456 1653 674 1736 connuercio,
687 1677 755 1748 quo
768 1677 848 1724 cum
858 1652 984 1724 Graeois
993 1652 1219 1725 nobilioribus
1231 1653 1297 1725 uti-

282 1776 496 1862 tur,animos
506 1775 610 1846 otiam
618 1775 731 1872 erigit,
743 1784 777 1845 et
788 1798 954 1872 generoso
963 1800 1149 1848 succensus
1157 1775 1292 1868 ardore,

282 1923 400 1970 secum
415 1900 489 1994 ipse
508 1908 635 1984 certat,
657 1908 691 1970 et
709 1900 866 1995 superius
885 1924 988 1972 suum
1007 1925 1094 1997 opus
1111 1924 1199 1972 novo
1217 1923 1299 1972 car-

282 2022 376 2092 mine
391 2022 511 2093 vincit.
530 2023 652 2093 Nonne
670 2045 753 2094 vero
770 2034 889 2119 postas
905 2022 1054 2119 aequales
1071 2047 1210 2119 quoque
1229 2047 1299 2095 res·

283 2147 393 2244 penit,
412 2157 459 2230 et,
479 2171 587 2242 quum
603 2149 794 2220 recentiora
803 2148 935 2244 passim
952 2147 1090 2246 ingenia
1103 2147 1247 2233 florere,
1268 2159 1301 2220 et

200 2313 205 2367 χ
284 2270 454 2367 poetieam
467 2269 603 2342 acribus
619 2267 743 2342 studiis
760 2270 1017 2366 exquisitiorom
1035 2269 1180 2342 evadere
1192 2270 1299 2358 videt,

287 2414 401 2482 nonne
413 2393 484 2463 suis
494 2393 599 2462 etiam
614 2390 836 2487 popularibus
846 2393 954 2464 musis
971 2392 1139 2477 attendit,
1158 2405 1303 2467 etaemu-

287 2513 342 2584 lus
358 2511 521 2584 exardet?
539 2515 616 2584 lam
632 2513 798 2585 Atacinus
814 2516 936 2598 Varro,
956 2521 1054 2613 cujus
1071 2516 1303 2614 fragmentum

287 2632 525 2719 laudavimus,
546 2634 702 2732 egregius
716 2691 725 2722 ,
739 2643 778 2707 ut
787 2635 945 2721 videtur,
962 2648 1076 2734 poeta,
1095 2639 1214 2712 multis
1227 2665 1305 2737 ope

289 2756 386 2848 ribus
401 2757 501 2830 editis
522 2757 676 2830 Ciceroni
705 2760 862 2833 stimulos
889 2760 1017 2834 addere
1033 2763 1157 2858 potuit.
1185 2747 1306 2836 Lucre·

290 2883 359 2954 tius
376 2893 512 2966 autem,
535 2908 644 2979 quum
662 2884 756 2957 illius
783 2863 936 2958 carmina
953 2898 1045 2959 certe
1065 2887 1182 2960 Cicero
1201 2911 1306 2960 manu

290 3007 491 3090 versaverit,
504 3004 558 3077 vel
574 3005 667 3078 solus
675 3007 776 3077 Tullii
788 3032 858 3078 non
870 3009 982 3102 impar
993 3009 1170 3104 ingenium
1186 3033 1307 3082 acuere

283 3127 398 3198 simul
411 3137 445 3198 et
457 3126 674 3198 inflammare
686 3127 834 3200 valebat.
851 3131 891 3200 ln
904 3130 1048 3200 oratoris
1059 3131 1220 3227 equidem
1230 3156 1308 3228 poe-

294 3251 362 3324 tica
385 3249 586 3348 supellectili
601 3275 671 3322 non
692 3249 859 3324 indicium
876 3253 1025 3348 reperire
1043 3265 1116 3340 est,
1136 3279 1205 3351 quo
1218 3266 1309 3328 certe

284 3376 437 3448 alterius
452 3399 532 3448 cum
545 3374 653 3451 altero
670 3385 863 3461 certamen,
884 3387 944 3447 aut
960 3377 1132 3449 Ciceronis
1151 3379 1310 3450 manifes-

297 3510 369 3570 tam
380 3501 609 3572 imitationem
628 3511 745 3572 tenere
760 3510 794 3572 et
809 3501 980 3573 aestimare
997 3525 1116 3596 queas.
1134 3502 1196 3576 Illa
1207 3527 1307 3587 vero,

299 3648 375 3721 quae
404 3627 521 3697 statim
546 3628 719 3724 assurgit,
748 3627 948 3699 nobilitatur
965 3637 999 3698 et
1015 3625 1151 3698 ditescit
1179 3629 1308 3712 oratio,

299 3748 438 3820 tacitam
454 3772 533 3819 cum
546 3749 702 3821 Lucretio
721 3750 976 3822 contentionem
991 3749 1135 3820 forsitan
1152 3751 1311 3822 universa

288 3873 428 3971 prodit.

349 3995 449 4094 Digni
479 3992 619 4089 quidem
649 4007 746 4070 erant
772 3996 949 4070 Lucretius
969 4007 1003 4070 et
1020 3997 1156 4082 Cicero,
1186 3985 1311 4093 quise
