2966 4776
714 311 877 371 -16-
975 277 978 284 ’

284 445 379 516 mina
407 466 516 540 quum
543 442 755 540 perpendere
779 443 879 516 nobis
902 443 1099 515 institutum
1121 443 1209 529 fuit,
1234 443 1307 518 hoc

284 571 436 667 primum
462 568 723 664 proposuimus,
739 568 901 673 ubique,
930 568 1014 641 dum
1039 579 1176 665 poetam
1202 594 1308 666 qua-

283 695 412 778 rimus,
435 704 606 764 oratorem
627 692 871 790 hominemque
902 694 955 766 eui
978 693 1218 766 studiosiorem
1248 719 1306 767 oc-

284 842 440 903 currere,
463 827 497 888 61
516 817 580 889 boc
598 817 724 914 duplici
741 819 824 889 vitio
841 819 977 914 penitus
995 817 1086 914 apud
1105 819 1306 890 Ciceronem

285 953 320 1015 61
335 943 406 1014 vim
423 941 636 1039 excogitandi
650 942 914 1038 inveniendique
931 945 1120 1040 poeticam,
1137 945 1253 1039 ipsum
1269 957 1307 1014 61
1370 922 1376 932 ’

285 1065 460 1162 cloquium
477 1064 634 1136 laborare
654 1075 688 1136 61
706 1065 811 1137 infici.
833 1063 931 1148 Quod
950 1064 1141 1161 approbare
1163 1065 1302 1150 6611611,

284 1191 321 1260 in
340 1191 382 1261 iis
407 1189 617 1262 carminibus
638 1213 713 1285 qua
736 1188 836 1286 fingit
860 1190 934 1285 ipse
958 1190 1097 1275 Cicero,
1117 1189 1202 1261 dum
1219 1213 1307 1286 per-

286 1338 389 1416 sonas
401 1315 719 1399 animadvertimus,
734 1324 818 1410 quot
830 1315 942 1410 capita
955 1325 1006 1386 tot
1020 1315 1201 1386 conciones
1211 1315 1307 1386 inve·

286 1439 414 1513 nimus.
429 1441 544 1524 Quum
560 1450 675 1511 autem
690 1439 781 1510 illius
799 1449 947 1534 quatuor
965 1441 1002 1511 in
1017 1440 1137 1537 primis
1152 1441 1308 1512 carmina

286 1565 516 1660 reperiantur,
552 1563 621 1635 duo
649 1563 824 1660 scriptoris
857 1564 1017 1636 laudibus
1050 1567 1149 1638 unice
1180 1565 1308 1636 referta

289 1687 527 1759 discrevimus.
554 1690 696 1758 1116111111
713 1689 817 1758 etiam
843 1688 886 1760 ab
910 1699 1048 1760 auctore
1072 1712 1142 1760 uon
1165 1711 1308 1785 prorsus

289 1811 441 1888 alienum
453 1811 633 1885 ostendere
650 1812 780 1898 liceret,
795 1837 904 1909 quum
918 1824 952 1884 61
969 1793 1071 1885 snum
1081 1815 1305 1909 municipem,

290 1946 325 2006 61
337 1961 478 2008 suarum
497 1939 649 2034 partium
665 1939 876 2035 principem,
900 1949 933 2010 61
951 1964 1021 2010 sua
1039 1940 1112 2035 spei
1132 1938 1255 2010 ducem
1271 1949 1308 2008 61

290 2061 464 2155 privatum
488 2060 674 2156 quemdam
692 2060 851 2158 genium,
876 2060 1036 2135 laudibus
1054 2061 1160 2132 heroa
1176 2060 1308 2132 Tullius

289 2185 486 2271 extollerem
501 2186 597 2264 ,dum
619 2199 739 2258 eontra
758 2197 955 2283 susceptum
976 2186 1019 2259 de
1039 2165 1179 2259 Caesaris
1200 2209 1309 2281 expe-

289 2309 419 2383 ditione
448 2335 612 2396 carmen‚
645 2335 753 2406 quum
783 2311 827 2382 ad
856 2312 970 2382 nrinus
1000 2312 1139 2407 propria
1167 2310 1309 2383 tandem

289 2436 498 2530 respiceret,
530 2434 626 2507 haud
654 2434 761 2506 semel
792 2436 983 2520 omissum,
1006 2437 1128 2508 acriter
1158 2436 1309 2507 instante

290 2557 437 2642 Quinto,
456 2557 514 2628 vix
531 2568 564 2628 et
581 2569 813 2656 repugnanter
831 2557 990 2630 absolvit.

338 2682 421 2766 Quae
449 2703 529 2754 vero
557 2681 723 2754 1116111111
750 2684 911 2755 Cicerone
939 2682 1083 2755 facultas
1113 2679 1310 2753 inveniendi

291 2806 445 2902 poetica,
464 2808 616 2905 primum
636 2832 654 2880 c
671 2809 814 2908 dialogis
832 2810 995 2905 petimus.
1015 2805 1221 2904 chcntibus
1241 2828 1310 2875 au-

291 2941 362 3003 16111
381 2931 437 3003 hic
457 2931 685 3003 obversantur
708 2957 811 3004 scena
832 2934 890 3005 vix
911 2931 1136 3032 adumbrata,
1156 2927 1310 3028 frigidior

203 3108 209 3120 .
292 3055 400 3140 actio,
422 3078 613 3152 exsangues
639 3079 813 3151 persona,
836 3057 1005 3127 oratorius
1031 3077 1156 3127 sermo.
1178 3053 1308 3126 Deinde

292 3200 432 3251 carmen
443 3179 490 3246 De
499 3179 659 3247 consolatu
670 3177 1221 3274 perpendentes,vulgatissimum
1231 3201 1309 3273 poe-

293 3301 396 3374 matis
414 3299 617 3386 consilium,
637 3300 808 3372 Ciceronis
824 3309 941 3397 partes
959 3301 1133 3387 immotae,
1154 3300 1305 3385 inutiles,

293 3437 354 3497 aut
380 3423 502 3497 saltem
525 3423 606 3496 aleae
625 3422 745 3520 plenas
761 3445 825 3494 noe
842 3421 1114 3495 animadvertere
1136 3421 1305 3496 dolemus.

294 3550 401 3635 Qua,
424 3552 497 3622 sinc
517 3549 640 3634 dubio,
662 3572 786 3645 parum
805 3550 922 3621 Cicero
942 3550 1098 3635 curavit,
1120 3547 1307 3622 dummodo

295 3673 473 3771 politicum
488 3675 600 3769 operis
617 3675 831 3770 propositum
850 3685 1102 3768 assequeretur.

344 3796 515 3870 Eumdem
530 3797 726 3870 inveniendi
742 3797 885 3870 modum
901 3808 935 3870 et
951 3821 1091 3870 oausam
1107 3797 1143 3868 in
1159 3797 1308 3868 carmine

298 3924 346 3992 Dc
357 3925 540 4014 temporibus
554 3927 616 3991 sats
629 3923 752 3993 merito
764 3923 960 4019 suspiceris.
978 3926 1049 3994 Hoc
1066 3932 1201 3993 tantum
1219 3921 1308 3994 Cice-

299 4048 374 4120 roni
389 4047 551 4145 pcrfioere
566 4071 767 4120 concessum
783 4047 867 4134 fuit,
883 4058 922 4122 ut
935 4070 1076 4120 suorum
1090 4043 1308 4130 consiliorum
