2966 4776
712 314 875 374 ..50-

273 447 399 520 'verbis
430 459 582 533 utamur,
619 449 760 520 omnino
795 445 1013 544 deperditum
1044 448 1169 532 luisse,
1197 460 1306 524 aute

286 574 401 648 medio
426 573 603 646 sublatum
630 597 653 645 a
678 585 802 672 poeta,
819 575 1007 671 Ι10011ῑί010
1024 573 1164 670 quidem
1187 576 1305 648 animo

276 698 440 786 *ierimus
457 699 621 782 Quamvis
636 699 728 770 enim
741 719 959 797 repugnans,
976 698 1150 771 confectus
1164 699 1256 772 curis
1270 709 1306 772 et

189 836 190 842 ’
283 821 479 920 reipublice
497 833 652 918 tempora
671 824 861 908 miseram,
881 821 967 896 illud
990 823 1167 896 adoriatur
1191 843 1302 922 opus,

284 948 412 1046 insigni
425 955 499 1046 jam
522 959 556 1019 et
574 947 685 1020 alieno
703 950 833 1045 potitur
853 959 1070 1047 argumento.
1092 950 1203 1033 Quem
1221 969 1304 1022 vcro

284 1071 529 1146 celebrandum
549 1072 655 1145 heroa
680 1069 812 1145 sumit?
831 1074 1012 1146 Caesarem.
1036 1073 1115 1170 lpsa
1133 1074 1302 1157 materia,

285 1196 430 1294 simplex
447 1208 481 1270 et
497 1221 586 1283 una,
606 1198 733 1270 summi
751 1199 968 1294 imperatoris
985 1200 1022 1270 in
1038 1197 1221 1270 Britannos
1239 1219 1306 1270 ex-

284 1322 457 1420 peditione
478 1319 782 1393 circumscribitur.
809 1321 901 1406 Quin
919 1323 989 1394 imo
1014 1333 1116 1417 poeta
1137 1323 1305 1419 propositi

284 1449 435 1521 novitate
451 1459 485 1519 et
498 1445 754 1544 magnificentia
768 1457 926 1519 movetur
940 1458 975 1518 et
990 1445 1131 1520 exardet
1147 1471 1156 1519 ι
1178 1473 1194 1514 e
1210 1447 1305 1532 Quos

282 1584 322 1646 tu
338 1575 447 1656 situs,
467 1571 655 1654 exclamat,
672 1593 761 1665 quas
779 1580 921 1642 naturas
938 1594 1055 1644 rerum
1073 1582 1108 1644 et
1123 1571 1301 1657 locorum,

284 1721 371 1792 quos
391 1719 529 1777 mores,
549 1719 636 1790 quas
655 1705 795 1792 gentes,
816 1719 902 1792 quas
921 1719 1077 1794 pugnas,
1099 1717 1203 1793 quem
1221 1719 1305 1770 vero

283 1821 400 1916 ipsum
416 1821 661 1917 imperatorem
678 1817 808 1892 hahes!
831 1848 847 1887 1

332 1944 501 2018 Carminis
520 1943 576 2015 hie
595 1942 804 2016 lineamenta
823 1954 857 2016 et
876 1967 983 2040 prope
1001 1943 1188 2016 consilium
1201 1955 1306 2040 pate—

282 2068 384 2141 fiunt.
417 2067 472 2140 Ad
500 2069 636 2166 ignotas
666 2069 822 2165 regiones
854 2069 974 2140 elassis
1003 2065 1326 2164 1111110010111011-ι

282 2196 442 2280 discitum
477 2196 556 2267 novi
587 2193 868 2289 formidolosique
900 2195 1006 2264 maris
1039 2191 1305 2290 tempestatibus

283 2331 470 2416 quassata,
499 2343 596 2391 oram
633 2317 677 2390 ab
715 2319 907 2389 innumeris
933 2317 1090 2390 barbaris
1125 2319 1304 2392 obsessam

283 2444 436 2540 appellit.
456 2446 592 2538 Anceps
616 2442 677 2514 diu
704 2441 866 2537 proelium
889 2443 1103 2529 conseritur;
1121 2453 1304 2518 cruentum

281 2565 378 2638 littus
403 2566 590 2660 imperator
623 2563 779 2647 invadit,
806 2575 841 2636 et
861 2589 929 2661 pax
955 2586 1100 2638 romana
1128 2567 1303 2639 Britannis
1333 2603 1338 2616 ·

282 2690 452 2764 imminet.
472 2690 560 2763 lllud
576 2713 701 2787 poema
713 2689 855 2787 quidem
870 2691 908 2762 in
921 2691 1176 2764 commentariis
1191 2693 1304 2763 Caesar

284 2815 504 2912 imperatoria
520 2816 688 2890 brevitate
707 2815 872 2890 condidit.
895 2817 1034 2889 Utinam
1052 2828 1169 2890 tamen
1186 2818 1302 2889 Cicero

284 2965 422 3036 quoque
439 2967 541 3014 suum
557 2967 640 3038 epos
655 2954 690 3015 et
707 2944 761 3016 sui
784 2943 913 3040 ingenii
929 2944 1080 3038 poetims
1096 2940 1217 3014 laudes
1232 2965 1304 3013 cer·

285 3066 371 3137 tiore
385 3065 501 3138 forsan
519 3067 715 3139 testimonio
731 3067 878 3161 posteris
897 3063 1116 3139 tradidisset!

335 3191 450 3274 Quum
470 3214 552 3262 vcro
574 3188 674 3261 nobis
696 3189 945 3263 aestirnantibus
969 3201 1043 3264 tota
1061 3213 1168 3290 prope
1187 3215 1244 3264 res
1265 3193 1303 3264 in

286 3318 438 3390 carmine
455 3317 504 3388 De
524 3317 687 3386 cumulate
704 3339 797 3386 nunc
820 3315 888 3388 sita
904 3317 968 3400 sit,
991 3341 1075 3390 num
1096 3319 1181 3414 ipsi,
1208 3317 1303 3416 quod

287 3441 331 3516 de
347 3441 580 3538 superioribus
593 3440 704 3538 poetis
717 3440 833 3512 Cicero
846 3439 953 3523 diue,
969 3439 1013 3512 de
1025 3442 1187 3515 Cicerone
1200 3453 1303 3541 poeta

287 3587 473 3660 possumus
484 3568 588 3638 etism
599 3561 777 3638 asserere?
788 3565 879 3636 Num
892 3615 901 3648 ‚
916 3562 1030 3636 verbis
1041 3564 1298 3648 deficientibus,

286 3689 321 3760 vi
337 3688 460 3762 saltam
480 3687 663 3763 excelluit?
681 3688 736 3760 Ad
755 3708 876 3760 verum
894 3689 1065 3762 contraria
1080 3691 1301 3782 propulsae-

288 3811 461 3886 cedercnt.
480 3810 636 3882 Vidimus
655 3812 747 3880 enim
765 3834 836 3903 que
850 3810 1034 3880 verborum
1050 3807 1213 3892 audacie,
1231 3829 1301 3904 quo

289 3937 493 4034 splendore,
523 3957 593 4030 qua
619 3953 868 4028 nonnunquam
896 3929 1065 4028 elegantia
1092 3930 1224 4005 nobiles
1250 3929 1299 4002 illi

291 4068 423 4137 Grecos
452 4059 600 4134 amuleti
629 4057 769 4130 luerint.
803 4058 840 4128 ln
870 4079 987 4132 eorum
1016 4055 1119 4128 etiam
1146 4053 1330 4148 reliquiis·

497 4430 850 4750 ’Ὺ
934 4462 1117 4748 n
1318 4475 1322 4488 ’
