2966 4776
704 351 741 363 ..
769 317 809 380 68
831 355 867 370 ..

276 455 351 526 loca
372 464 514 526 tranans
538 450 766 547 reperiantur.
795 449 846 524 lbi
868 450 1003 550 farrago
1027 449 1208 548 quadam
1231 475 1302 528 nec

274 597 401 672 magna
417 573 517 646 tides.
539 575 575 642 ln
594 571 702 657 duos,
722 596 786 646 nec
802 573 974 648 immerito
990 573 1127 658 forsan,
1147 585 1302 672 quatuor

273 699 375 795 graeci
393 720 515 770 versus
535 696 708 769 contrahit
724 698 864 783 Cicero,
883 721 962 770 eum
980 699 1226 798 prosequitur:

436 895 527 972 Signa
543 897 626 962 dedit
644 899 763 973 nautis,
785 901 843 960 ete.

319 1083 402 1152 Tres
424 1081 528 1155 etiam
547 1081 725 1155 inferiores
744 1081 909 1154 Arateam
929 1081 1101 1153 luxuriem
1119 1094 1293 1169 coercent,

270 1201 332 1274 fidi
349 1202 512 1299 quidem,
535 1216 571 1276 at
601 1227 735 1302 graves.
765 1206 805 1274 ln
835 1205 966 1277 catoris
995 1206 1154 1301 quamvis
1184 1228 1295 1303 grace

271 1327 423 1414 densior,
442 1326 556 1402 facilis
563 1340 681 1402 tamen
690 1329 808 1401 Cicero
821 1340 855 1401 et
872 1331 955 1400 satis
969 1328 1061 1402 fidus
1074 1327 1290 1402 obversatur.
1362 1419 1369 1426 ι

268 1452 375 1526 Arato
393 1453 534 1550 quidem
550 1465 691 1551 praestat
703 1455 739 1525 in
755 1455 811 1525 his
828 1452 964 1526 duobus
981 1481 990 1528 ε

388 1646 488 1722 Quem
504 1649 528 1708 si
544 1649 723 1728 prospiciens
737 1650 896 1724 vitaveris,
915 1651 1016 1712 omnia
1032 1653 1120 1714 caute

389 1757 588 1820 Armameuta
601 1756 717 1834 locans,
735 1764 802 1821 tuto
815 1760 916 1822 labere
930 1779 984 1840 per
997 1760 1105 1834 undas,

272 1960 382 2035 quum
399 1938 522 2015 sintin
538 1962 647 2038 graeco
666 1941 782 2014 minus
801 1951 896 2014 certa
913 1953 947 2013 et
966 1941 1134 2014 delinita}

348 2139 409 2216 Qui
424 2139 544 2224 (nauta)
560 2143 707 2221 siquidem
721 2143 860 2204 obsecuti
871 2142 985 2204 luerint
1002 2145 1084 2202 certa
1097 2139 1291 2214 significanti,

352 2255 382 2312 et
393 2253 494 2312 statim
505 2250 666 2330 faciliaque
676 2253 777 2312 omnia
791 2257 821 2313 et
833 2255 915 2312 recte
929 2251 1067 2312 ordinata
1076 2247 1220 2322 reddant,

352 2357 433 2420 illico
444 2359 539 2420 levior
550 2363 594 2420 est
607 2358 704 2420 labor.

316 2547 491 2616 Hactenus
510 2543 758 2628 enatantem,
777 2567 898 2639 pressa
917 2554 952 2614 et
971 2542 1143 2641 elegantia
1167 2541 1291 2640 plera-

268 2691 336 2763 que
360 2667 600 2754 laudavimus3
622 2667 730 2740 nobili
752 2675 828 2766 jam
856 2666 1025 2765 dignitate
1055 2667 1237 2766 perspicua
1255 2676 1291 2738 et

267 2793 386 2866 afflatu
405 2793 538 2890 poetico
559 2793 728 2892 spirantia
745 2792 963 2892 colligantur.
994 2795 1073 2865 Haec
1098 2792 1291 2864 enimcum

268 2919 366 2992 Arati
384 2919 468 2994 ¹loco
499 2920 698 3006 decertant,
727 2932 788 2993 aut
816 2899 966 3018 gracum
998 2920 1103 2991 etiam
1128 2941 1291 3018 expresso

267 3046 381 3119 colore
400 3043 657 3138 devincunt(1)
674 3070 683 3114 :

348 3243 406 3308 Hic
417 3261 480 3307 sese
492 3242 616 3306 internis
628 3245 665 3306 de
676 3244 813 3324 partibus
823 3244 911 3318 erigit
930 3241 1054 3324 Hydra,

347 3355 495 3434 Praecipiti
505 3355 590 3434 lapsu
608 3354 685 3416 llexo
702 3373 773 3415 cum
786 3372 911 3433 corpore
924 3371 1058 3433 serpens.

345 3461 431 3534 Haeo,
451 3467 543 3543 caput
557 3469 649 3542 atque
667 3462 770 3524 oeulos
782 3467 927 3541 torquens
946 3461 983 3522 ad
1004 3465 1090 3536 terga
1108 3459 1221 3544 Nepai,

349 3570 560 3651 Conuersoque
578 3574 645 3634 sinn
659 3572 780 3635 subiens
795 3569 913 3633 inferna
930 3569 1058 3646 Leonis,

347 3677 531 3742 Centaurum
545 3683 606 3742 leni
627 3683 771 3757 contingit
791 3680 907 3742 lubrica
927 3679 1036 3741 cauda.

347 3787 384 3849 ln
403 3788 561 3867 medioque
578 3792 645 3852 sinu
659 3790 779 3866 fulgens
799 3788 923 3852 Cratera
943 3786 1070 3850 relucet.

347 3893 523 3956 Extremam
538 3897 636 3957 nitens
649 3897 786 3977 plumato
805 3913 930 3976 corpore
950 3893 1066 3958 Corvus

302 4100 338 4171 (4)
354 4103 456 4174 Noliba,
467 4118 493 4160 v.
509 4107 571 4161 458.
586 4104 693 4173 Aratus,
705 4105 768 4159 443.
