2954 4776
595 299 755 358 ...97-

169 435 406 518 testimonium
419 444 454 506 et
469 432 708 507 auctoritatem
726 431 914 530 appellant,
931 457 1020 508 unus
1031 435 1185 522 Attium,

169 557 256 629 alter
286 560 483 630 Ciceronem
511 557 642 630 laudat.
675 559 792 630 Utrius
808 558 845 628 in
861 557 967 630 rerba
990 557 1180 656 jurandum

170 677 251 750 cst‘l
278 681 456 764 neutrius,
477 679 571 776 quod
602 678 743 776 quidem
773 677 1000 766 arbitremur;
1032 682 1093 754 sed
1115 683 1182 756 alio

168 806 446 902 circumspicere,
466 817 501 878 et
526 805 613 877 alius
640 804 761 876 arbitri
789 806 971 878 consilium
1002 831 1183 904 exposcere

169 931 337 1028 cogimur.
370 933 439 1002 Cur
456 943 594 1015 autem,
615 931 653 1002 in
669 929 735 1000 hac
755 929 914 1028 judicum
930 932 1065 1027 inopia,
1084 933 1184 1005 Cice·
1216 953 1219 958 ’

168 1076 290 1125 renem
303 1053 347 1125 ad
366 1054 499 1150 ipsum,
521 1065 561 1125 ut
577 1052 621 1124 ad
633 1054 918 1149 disceptatorem,
938 1079 1009 1129 non
1021 1057 1183 1155 coniugi-

169 1201 267 1263 mus,
285 1189 319 1250 et
339 1181 529 1250 Tusculanos
547 1181 673 1251 iterum
688 1178 925 1252 revolvimus?

220 1303 352 1388 Quibus
373 1304 488 1376 verbis
510 1305 671 1401 praelatus
687 1305 840 1401 primum
865 1304 952 1377 illud
983 1333 998 1374 c
1026 1305 1185 1378 Titanum

170 1425 325 1513 soboles,
349 1457 364 1496 r
389 1429 505 1500 Cicero
522 1427 674 1525 profert?
691 1429 793 1500 Illum
807 1429 926 1501 audire
945 1430 1103 1502 nonnihil
1120 1455 1185 1503 ex-

170 1551 288 1648 pedit:
328 1579 343 1620 a
376 1554 498 1624 Veniat
517 1552 720 1650 AEschylus‚
746 1577 817 1624 non
845 1564 948 1649 poeta
966 1553 1100 1640 solum,
1123 1554 1185 1627 sed

171 1676 276 1748 etiam
289 1676 537 1774 Pythagoreus.
551 1679 606 1748 Sic
616 1678 709 1749 enim
721 1679 916 1774 accepimus
920 1731 995 1750 .....
1007 1679 1187 1764 Quomodo

170 1799 237 1872 fert
250 1800 342 1902 apori
357 1826 436 1873 eum
450 1802 673 1874 Prometheus
692 1802 863 1886 dolorem,
880 1828 984 1899 quem
998 1805 1129 1901 excepit
1141 1804 1185 1875 ob

169 1921 302 1993 furtum
314 1922 570 1995 lemnium‘lm.
593 1927 663 1995 Has
682 1925 787 2021 igitur
806 1949 927 2021 poenas
940 1927 1110 2023 pendens,
1129 1928 1188 1999 al-

170 2045 262 2118 fixus
281 2047 325 2118 ad
345 2050 558 2133 Caucasum,
578 2047 762 2120 haecdicit.
794 2078 810 2116 r

219 2171 423 2269 AEscbylum
447 2173 552 2271 igitur
577 2173 711 2269 ipsum,
738 2197 808 2244 non
836 2173 1060 2270 interpretem
1082 2174 1188 2246 alium

172 2295 359 2391 quemdam
373 2298 489 2368 Cicero
502 2298 684 2396 signifieat.
699 2297 789 2382 Quid
807 2309 923 2370 autem
934 2299 1096 2396 ponderis
1108 2299 1189 2372 huie

172 2433 376 2518 argumento
391 2423 533 2495 subesse
549 2424 678 2519 possit,
694 2430 768 2522 jam
778 2447 819 2496 ex
829 2425 969 2495 Homeri
985 2424 1068 2496 locis
1084 2449 1189 2522 supra

172 2545 321 2620 laudatis
353 2547 590 2646 intelligimus.
624 2547 765 2640 Illorum
795 2549 887 2619 enim
915 2548 1188 2646 fragmentorum

173 2670 326 2755 nullum,
351 2671 394 2742 ab
412 2650 677 2744 'audentioribus
698 2672 865 2768 paulatim
888 2674 1013 2745 criticis
1036 2673 1190 2745 Ciceroni

174 2821 244 2868 non
267 2797 499 2895 adscriptum,
525 2798 732 2874 invenimus.
759 2798 802 2868 Hi
822 2820 903 2869 vero
927 2821 997 2892 qua
1017 2797 1087 2869 fide
1110 2799 1189 2868 freti

126 2989 131 3002 ,
169 2899 244 3022 jam
268 2920 495 2995 consensere?
516 2922 583 2994 nisi
607 2922 721 3019 quod,
749 2947 858 3018 quum
880 2920 1021 2994 silerent
1044 2946 1185 3010 omnes,

173 3071 265 3118 unus
287 3046 486 3142 loqueretur
503 3047 643 3130 Cicero,
666 3056 721 3130 et,
741 3045 831 3118 lacta
847 3045 975 3119 nullius
992 3047 1188 3143 interpretis

173 3171 362 3255 mentione,
374 3171 488 3266 ipsum
501 3181 690 3254 auctorem,
700 3171 901 3255 Homerum,
915 3170 1005 3242 ultro
1015 3170 1185 3243 laudaret.

224 3295 298 3377 Quo
318 3296 429 3392 magis
454 3296 558 3366 etiam
589 3293 656 3364 hoc
683 3305 886 3391 argumento
915 3294 1186 3381 confideremus,

174 3444 245 3490 non
274 3420 454 3516 paululum
485 3421 597 3492 effecit
624 3419 818 3490 Priscianus
838 3417 880 3488 de
905 3417 1024 3488 metris
1049 3417 1188 3488 comicis

175 3541 362 3616 disserens.
391 3545 506 3628 Quum
540 3544 632 3617 enim
652 3543 695 3615 de
721 3543 914 3640 fragmento
942 3543 1190 3614 Tusculanorum

175 3667 328 3763 quodam
355 3667 633 3765 ambigeremus,
658 3677 692 3738 et
718 3666 818 3738 solito
845 3676 961 3737 tamen
985 3649 1190 3764 argumento

175 3793 270 3879 nixi,
293 3766 506 3889 repugnante
522 3792 650 3876 Bothe,
671 3790 758 3862 illud
777 3791 947 3863 Ciceronis
970 3797 1049 3889 jure
1070 3791 1190 3864 vindi-

175 3940 356 4004 caremus,
379 3920 527 3990 occurrit
543 3917 643 3990 nobis
661 3917 854 3989 Priscianus
874 3917 1007 3989 consilii
1035 3918 1189 3990 certioris

177 4054 319 4117 auctor:
344 4045 496 4118 «Cicero
520 4067 677 4140 quoque,
696 4044 767 4130 ait,
789 4041 825 4116 in
844 4055 967 4141 quarto
990 4047 1189 4116 Tusculano-

1051 4166 1069 4224 7
