2994 4774
744 357 778 368 -
802 323 841 384 52
864 353 903 370 ...

312 483 449 534 morosa
465 459 616 556 quadam
640 457 821 531 instinctus
846 455 1052 537 acerbitate,
1072 454 1224 550 poesim,
1246 454 1329 552 gel-

312 583 414 656 licem
430 582 572 667 saltem,
592 591 626 652 ct
650 582 703 654 sui
726 582 910 677 temporis,
929 603 992 650 nec
1010 601 1151 675 prorsus
1168 578 1330 650 immeri—

313 719 408 793 tem,
427 709 476 780 ita
490 707 671 803 discerpit,
694 716 733 778 ut
750 707 864 801 ipsum
883 715 991 801 poetae
1004 725 1130 775 nomen
1147 702 1198 774 illi
1214 701 1329 775 videa-

313 842 372 902 tur
386 830 613 915 invidiosum,
634 854 743 927 quum
761 831 834 926 ipse
859 829 1011 926 dialogos
1036 828 1192 912 instruit,
1210 828 1330 900 Pascal

313 954 509 1026 inventione
528 951 717 1025 dramatico
735 951 837 1048 longe
856 953 1054 1024 Ciceronem
1074 959 1227 1045 prestet.

363 1081 428 1151 His.
439 1078 640 1174 praemissis,
652 1099 728 1172 quae
740 1076 893 1149 Ciceroni
910 1075 1013 1146 luerit
1030 1073 1066 1145 in
1083 1074 1167 1171 ipsis
1181 1094 1330 1170 poema-

314 1205 359 1276 tis
390 1201 586 1276 inveniendi
616 1201 782 1283 incultae,
810 1207 885 1297 jam
914 1198 1145 1283 attendimus,
1182 1209 1217 1269 et
1248 1221 1331 1270 oar-

314 1331 400 1402 mini
413 1331 461 1400 De
480 1331 641 1400 consulatu
652 1328 818 1425 primum,
838 1327 965 1423 quippe
981 1333 1078 1422 cujus
1090 1323 1330 1422 locupletiores

315 1454 468 1550 reliquia
487 1452 675 1549 supersint,
688 1450 787 1522 nobis
803 1450 943 1522 studere
958 1448 1082 1546 placet.

362 1579 499 1650 Nemini
517 1575 662 1648 dubium
675 1587 728 1647 est
741 1577 825 1671 quin
839 1575 925 1647 illud
943 1575 1146 1646 historicum
1162 1595 1244 1669 epos
1261 1572 1331 1643 tri-

313 1699 381 1773 bus
394 1701 535 1772 omnino
552 1699 708 1796 partibus
728 1698 930 1771 eonstiterit.
951 1702 1067 1771 Potest
1085 1699 1189 1770 etiam
1209 1697 1331 1794 conjici

315 1826 440 1920 cuique
458 1823 546 1896 libro
570 1848 678 1896 musae
704 1847 830 1896 nomen
850 1825 1054 1920 inscriptum
1077 1823 1195 1894 luisse.
1216 1822 1332 1905 Quum

316 1959 432 2022 autern
458 1950 494 2020 in
520 1948 671 2021 secundo
700 1948 845 2046 loquens
873 1948 1047 2021 inducitur
1063 1948 1208 2032 Urania,
1238 1956 1272 2018 et
1295 1946 1333 2016 in

315 2075 417 2146 tertio
443 2073 612 2171 Calliope,
641 2098 718 2170 quae
743 2075 894 2170 primum
920 2095 1043 2144 exorsa
1060 2069 1183 2156 luerit,
1204 2069 1333 2142 admo-

315 2197 400 2271 dum
418 2199 610 2296 ignoratur.
633 2201 732 2271 Hune
759 2209 876 2269 tamen
901 2197 1006 2268 totius
1033 2195 1145 2292 operis
1174 2192 1333 2267 ordinem

316 2324 483 2419 suspicari
509 2323 769 2394 ueneratione
797 2320 933 2393 videtur
964 2303 1127 2391 alienum,
1157 2320 1273 2402 Quum
1296 2319 1333 2388 in

316 2446 468 2518 secunde
499 2456 597 2541 parte
625 2455 742 2516 narret
774 2446 918 2530 Uranie,
954 2443 1079 2540 quihus
1099 2444 1264 2516 monstris
1283 2440 1333 2514 dii

315 2572 592 2669 ,conjurationem
614 2572 830 2667 operuerint,
851 2571 939 2642 etin
958 2570 1059 2642 tertia
1076 2570 1226 2667 Calliope
1243 2571 1336 2643 Cice·

315 2717 438 2766 ronem
455 2693 606 2766 consiliis
624 2705 658 2766 et
674 2695 813 2766 monitis
832 2695 999 2779 instruat,
1020 2691 1146 2789 quibus
1163 2691 1221 2764 ille
1237 2715 1335 2764 sem-

315 2843 378 2916 per
403 2843 440 2892 se
470 2817 536 2891 sihi
561 2843 680 2916 parem
710 2819 916 2917 praehiturus
943 2819 1000 2903 sit,
1026 2817 1171 2914 intelligi
1199 2826 1331 2912 potest,

315 2944 503 3016 secundam
538 2946 651 3040 operis
689 2955 824 3040 partem
863 2944 908 3015 ed
942 2945 1057 3040 ipsum
1089 2942 1335 3039 conjurationis

316 3067 446 3138 exitum
476 3068 670 3163 pertinere,
697 3069 835 3138 tertiam
858 3091 940 3138 vero
963 3067 1007 3139 ad
1033 3090 1074 3138 ea
1100 3057 1176 3162 quae
1203 3067 1336 3164 pericu·

316 3189 429 3262 losum
449 3186 622 3263 Ciceronis
646 3190 862 3286 triumphum
883 3201 1066 3263 consecuta
1083 3191 1223 3262 luerint.
1243 3189 1334 3276 Quid

282 3363 285 3370 -
316 3325 434 3386 autem
445 3320 520 3414 jam
537 3312 657 3386 deesse
671 3324 805 3410 potest,
825 3315 891 3386 nisi
905 3314 1000 3410 quod
1018 3325 1097 3388 ente
1116 3314 1254 3387 sceleris
1262 3338 1334 3392 ma-

316 3440 478 3512 nilestam
493 3439 599 3512 fidem
616 3438 802 3513 acciderit?

366 3567 500 3662 ltaque,
520 3589 630 3662 quum
657 3565 820 3637 carminis
852 3574 1095 3662 argumentum
1125 3564 1191 3638 sihi
1217 3565 1333 3637 Cicero

319 3713 422 3760 suum
439 3689 657 3762 consulatum
686 3689 864 3787 elegisset,
893 3697 932 3759 ut
954 3689 1099 3786 simplex
1116 3701 1150 3760 et
1166 3713 1237 3761 una
1253 3711 1335 3760 mc-

319 3815 407 3886 teria
422 3814 532 3898 foret,
560 3838 678 3886 rerum
695 3838 869 3887 summam
887 3813 931 3885 ad
950 3815 1239 3913 conjurationem,
1256 3839 1333 3912 pro-

317 3939 434 4014 bando
464 3963 548 4012 sane
575 3939 731 4038 judicio,
767 3939 927 4012 retulisse
956 3939 1111 4024 videtur,
1145 3951 1180 4011 et
1210 3952 1334 4014 caetera

321 4066 465 4166 singulis
491 4067 528 4138 in
551 4065 649 4138 libris
675 4067 724 4138 ita
755 4065 980 4164 disposuisse.
1009 4069 1049 4138 ln
1072 4066 1210 4162 primo,
1240 4066 1332 4163 quod
