2966 4776
629 396 664 408 ..
690 369 728 428 55
752 401 790 412 ..

201 501 306 601 eligit.
332 505 465 574 Perstat
480 512 614 584 orator,
635 501 782 573 nimium
796 501 896 572 ‘circa
914 524 951 571 se
970 501 1156 584 sollicitus,
1177 501 1214 570 in

201 625 378 722 angustias
396 624 536 704 incidit,
556 634 590 694 et
618 625 731 719 operis
762 646 899 695 summa
915 623 1126 719 consilioque
1147 645 1216 718 pa-

200 773 278 822 rum
301 749 383 821 felix
403 747 529 820 evadit.
556 748 687 846 Ingenii
707 771 771 819 neo
788 749 895 843 impet
896 774 941 832 u,
962 771 1025 819 nec
1042 746 1199 819 ubertate

201 899 314 1000 neque
331 873 562 973 magnificent
553 897 586 944 ia
604 896 684 944 cum
704 872 938 969 superioribus
956 882 1036 969 poet
1037 873 1067 944 is
1089 882 1123 944 at
1109 873 1216 943 ιΕιι-

202 997 259 1070 nio
277 987 418 1093 praesert
418 997 466 1068 im
404 994 704 1068 ttcontendara
715 1051 725 1080 ‚
691 1007 832 1092 tquos
854 1007 972 1068 tamen
989 997 1039 1067 ita
1058 995 1217 1092 politiore

201 1121 339 1220 lingua,
372 1121 493 1221 judicii
526 1121 724 1206 severitate,
754 1143 874 1193 versus
904 1120 1032 1193 heroici
1063 1118 1217 1218 fingendi

200 1247 332 1318 ratione
359 1246 539 1343 praestitit,
569 1245 680 1318 utde
696 1247 793 1342 poesi
815 1246 873 1317 lat'
850 1257 922 1318 tura
944 1245 1034 1318 bene
1056 1246 1158 1317 merit
1159 1269 1216 1316 am

200 1394 339 1468 quoque
355 1371 526 1444 Ciceronis
542 1393 678 1468 musam
696 1369 807 1442 colere
827 1369 1027 1442 debeamus.

675 1657 734 1725 lll.

285 1877 404 1926 GRAECAE
429 1877 535 1926 coasts
567 1875 713 1924 llleA'lOll
739 1877 779 1922 ΕΤ
804 1876 975 1924 luranrnns
1001 1875 1125 1923 clcau0.

250 2077 412 2150 Oratione
431 2075 544 2147 solute
559 2075 677 2147 Cicero
694 2075 805 2172 magis
816 2097 922 2169 quam
936 2075 1055 2144 matris
1075 2075 1223 2145 coercita

203 2201 337 2296 poesim
359 2223 610 2295 nonnunquam
639 2201 808 2296 attingere
833 2198 983 2271 videtur.
1002 2197 1116 2282 Quod,
1148 2196 1223 2268 loco

191 2325 357 2421 proxime
367 2323 521 2410 laudato,
535 2325 803 2426 compositisque
818 2322 861 2396 de
876 2322 1057 2397 consulatu
1065 2322 1223 2395 versibus

201 2463 236 2524 et
252 2454 417 2526 orationis
434 2453 470 2524 in
490 2451 673 2524 Catilinam
695 2452 803 2523 tertia
820 2450 1037 2548 fragmentis,
1054 2448 1224 2546 dispicere

199 2584 275 2674 jam
289 2578 388 2663 licet;
408 2577 502 2673 quod
526 2602 609 2650 vero
633 2577 753 2648 multis
769 2587 829 2648 aut
847 2577 962 2672 potius
981 2574 1145 2671 exemplis
1165 2576 1225 2645 in-

204 2699 477 2772 numerabilibus
496 2701 701 2772 confirmare
718 2699 819 2772 uobis
832 2701 882 2771 ita
899 2711 1100 2796 promptum
1114 2698 1221 2784 forat,

206 2833 245 2894 ut
269 2821 413 2918 paulum
443 2821 534 2893 absit
565 2822 650 2916 quin
679 2823 857 2906 sententia
884 2821 1024 2893 cuidam
1053 2823 1226 2894 Ciceronis

205 2947 455 3032 assentiamur,
483 2957 518 3018 et
544 2969 621 3049 cam
647 2947 769 3019 leviter
794 2948 1014 3019 immutatam
1034 2947 1078 3020 ad
1109 2949 1224 3043 ipsum

204 3068 431 3142 deflectamus
462 3080 497 3140 et
519 3070 844 3144 accommodemus:
878 3098 894 3156 ι
920 3073 984 3142 Ειι
1008 3071 1122 3155 enim,
1153 3070 1223 3154 ait,

204 3193 372 3266 finitimus
402 3196 529 3268 oratori
557 3206 688 3294 poeta,
703 3197 857 3268 numeris
874 3195 1071 3269 adstrictior
1098 3194 1222 3290 paulo,

203 3317 461 3392 verborum
401 3342 446 3391 au
446 3329 523 3394 tem
530 3318 669 3394 hcentra
680 3319 841 3405 hberror
844 3319 975 3392 multis
985 3343 1066 3391 vcro
1078 3317 1225 3390 ornandi

203 3443 387 3540 generibus
400 3445 515 3516 socius
539 3455 573 3516 et
586 3469 682 3540 pane
697 3444 814 3542 parll
820 3445 895 3542 l.»
879 3442 1026 3528 »Quod
1038 3466 1120 3515 varo
1139 3466 1225 3538 pro-

204 3569 336 3662 piores,
355 3581 395 3642 ut
380 3569 510 3642 tnobis
526 3570 685 3656 videtur,
705 3572 1042 3642 itaconvcrtamus.
1057 3576 1110 3636 est
1131 3565 1223 3641 enim

204 3703 313 3788 poetae
338 3695 508 3768 finitimus
537 3706 667 3784 orator,
694 3697 811 3766 minus
838 3693 992 3766 numeris
1013 3690 1221 3774 adstrictus,

204 3816 458 3915 verborumque
473 3818 612 3892 licentia
623 3818 825 3924 modestior,
845 3817 963 3890 multis
979 3842 1060 3890 vero
1076 3815 1224 3889 ornandi

206 3943 388 4038 generibus
416 3923 543 4018 socius
563 3940 598 4017 et
625 3969 722 4042 pane
752 3969 828 4042 par.
858 3947 935 4020 Hac
967 3955 1083 4016 autem
1114 3965 1222 4039 quum

244 4135 279 4204 (l)
298 4138 336 4193 lla
347 4144 460 4209 maiore,
474 4141 492 4197 l.
510 4143 535 4206 l,
550 4158 606 4208 xri.
