2994 4774
644 341 681 352 ..
705 310 740 370 pp
769 345 803 354 ..

219 442 279 514 His
297 451 415 514 autem
431 441 611 514 offendor:

297 625 415 688 Cedunt
429 632 475 688 ter
490 633 620 706 quatuor
634 630 671 690 de
686 630 762 691 coelo
781 648 907 710 corpora
920 638 1021 694 sancta

296 737 418 812 dutum,
434 739 614 818 praepetibus
629 743 695 800 sesc'
704 741 889 820 polcreisque
902 740 973 802 locis
986 743 1070 803 dant.

268 916 313 987 Ut
330 940 410 988 vero
428 927 537 990 totam
551 943 621 991 uno
639 931 780 1016 aspectu
790 944 911 994 versus
922 921 1074 994 Enniani.
1081 922 1229 994 formam

218 1041 376 1138 amplecti
405 1044 596 1139 possimus,
626 1057 837 1132 extremum,
863 1071 1006 1144 precor,
1034 1058 1070 1118 at
1095 1048 1231 1119 miran-

217 1163 301 1238 dum
318 1165 403 1238 mihi
409 1166 511 1239 liceat
524 1167 638 1241 locum
654 1168 822 1267 subjicere
839 1195 850 1242 τ

297 1369 360 1432 Nec
373 1371 415 1430 mi
428 1388 538 1431 aurum
549 1389 646 1450 posco,
662 1389 717 1432 nec
732 1373 774 1432 mi
788 1373 921 1450 pretium
935 1371 1094 1448 dederitis;

296 1478 358 1540 Nec
376 1481 587 1559 cauponanteis
596 1479 727 1554 bellum,
747 1479 798 1542 sed
812 1480 1056 1556 belligeranteis,

297 1585 405 1660 Ferro,
421 1606 482 1650 non
496 1606 580 1664 auro,
592 1589 687 1651 uitam
701 1607 859 1651 cernamus
871 1591 1004 1668 utrique.

295 1695 394 1758 Vosne
407 1697 479 1758 uelit
490 1715 529 1758 an
540 1716 589 1758 me
599 1716 725 1772 regnare
738 1698 822 1770 hara,
843 1698 953 1777 quidve
961 1696 1038 1758 ferat
1052 1695 1123 1769 fors,

296 1805 416 1868 Virtute
429 1808 636 1886 experiamur;
654 1811 685 1868 et
699 1808 757 1868 boc
772 1807 862 1884 simul
876 1808 975 1888 accipe
991 1807 1127 1868 dictum:

298 1911 437 1988 Quorum
449 1916 572 1977 virtutei
584 1914 654 1974 belli
668 1913 790 1979 tortuna
803 1917 951 1995 pepercit,

295 2022 481 2084 Eorumdem
492 2041 542 2084 me
555 2023 686 2083 libertati
701 2041 824 2102 parcere
836 2027 953 2084 certum
969 2027 1012 2084 est
1025 2045 1032 2082 :

296 2130 380 2193 Dono
399 2130 517 2204 ducite,
540 2131 638 2208 doque
656 2131 818 2192 volentibn’
840 2149 907 2192 com
922 2133 1038 2204 magnis
1055 2130 1113 2190 dis.

266 2319 449 2389 Sententiae
458 2313 1230 2412 nihildetrahimus,romanamqucverborum

201 2442 286 2513 'vim
306 2454 340 2515 et
360 2443 459 2539 quasi
475 2443 638 2516 ferociam
656 2442 881 2514 admiramur.
903 2440 965 2513 llla
979 2463 1061 2512 vero
1078 2439 1231 2512 carnrina

215 2569 357 2664 propius
378 2567 422 2640 ad
448 2571 660 2666 incomptam
677 2569 817 2641 Homeri
839 2567 1034 2638 libertatem
1058 2589 1163 2663 quam
1185 2564 1230 2638 ad

217 2689 461 2764 modestiorem
485 2693 618 2790 Virgilii
640 2693 772 2791 cultum
796 2691 957 2764 accedere
987 2702 1102 2788 putes.
1130 2690 1230 2775 Quod

219 2824 403 2886 autemore
418 2815 565 2887 rotundo
584 2814 803 2910 loquentibus
816 2816 942 2888 Graecis
961 2813 1148 2886 concedere
1160 2837 1230 2884 non

216 2935 395 3024 dubitant,
426 2939 491 3012 hoc
516 2963 537 3010 a
560 2941 722 3012 Romanis
751 2951 956 3037 usurpatum
981 2962 1070 3038 aegre
1098 2937 1226 3009 ferunt.

214 3065 304 3136 Nam
320 3065 485 3161 asperiori
504 3063 629 3162 linguae
655 3089 724 3137 non
751 3064 871 3138 eadem
889 3065 1027 3137 licentia
1045 3063 1163 3162 vagari
1181 3062 1230 3135 li-

215 3200 291 3274 cet3
326 3187 387 3261 sed
413 3213 453 3262 ea
471 3188 682 3261 firurioribus
710 3189 877 3261 inhaereat
896 3188 1030 3273 modis,
1059 3187 1229 3282 certisque

216 3324 284 3386 stet
295 3312 428 3412 legibus
445 3337 585 3384 necesse
599 3324 673 3397 est,
694 3312 820 3408 quibus
839 3311 974 3384 exculta
988 3320 1226 3394 mansuescat,

216 3453 252 3510 et
267 3439 403 3509 aurium
416 3435 545 3535 judicio
560 3436 671 3509 lenior
685 3437 907 3533 approbetur.

263 3565 340 3635 Iam
366 3561 511 3659 intelligi
544 3572 679 3658 potest,
711 3585 788 3657 quae
819 3584 961 3633 versans
995 3557 1226 3654 exemplaria,

217 3711 303 3784 quos
320 3687 445 3783 linguae
463 3686 604 3782 poeticae
620 3695 777 3758 auctores
792 3696 826 3756 et
846 3684 974 3782 ingenii
994 3683 1099 3756 duces
1117 3707 1230 3755 aemu-

216 3811 325 3898 latus,
341 3813 416 3908 ipse
435 3812 551 3884 Cicero
567 3809 724 3882 versibus
738 3808 932 3882 excolendis
943 3807 1149 3881 incubuerit.
1166 3808 1230 3877 Vix

218 3937 377 4036 equidem
392 3940 429 4010 in
445 3937 505 4010 tali
527 3962 567 4010 re
583 3935 751 4009 Lucilium
777 3935 918 4008 laudare
936 3933 1107 4007 conducit.
1138 3929 1228 4015 Quid

217 4064 310 4136 enim
333 4063 538 4136 imitandum
563 4062 746 4135 satirarum
769 4061 914 4158 scriptor
930 4058 1059 4131 heroici
1078 4078 1228 4153 prascr—
