2994 4774
701 278 840 336 ..6-

264 434 428 496 numera,
443 433 522 505 quae
534 431 671 480 summo
679 408 810 506 judicio
823 411 957 506 primus
971 423 1032 484 aut
1047 413 1138 486 iuter
1152 417 1283 512 primos

262 536 306 608 ab
324 536 478 608 oratione
502 534 636 631 poetica
659 533 870 608 removenda
889 538 1059 623 senserit;
1078 563 1155 635 quae
1176 563 1281 626 vero,

263 685 372 758 quum
388 661 431 732 iis
450 671 570 732 notam
588 660 793 746 inussisset,
815 661 958 734 infamia
982 664 1116 760 poesim
1141 665 1286 764 elegan-

263 785 388 857 tiorem
420 782 648 879 reliquerint,
681 793 716 854 et
747 783 784 852 in
819 793 1026 879 perpetuum
1061 786 1282 860 exoleverint.

263 910 395 980 Horum
412 906 518 1004 igitur
536 901 704 977 nonnulla
721 903 822 976 liceat
846 903 1004 1001 exempla
1030 905 1192 994 laudare,
1211 909 1286 1006 qui-

261 1032 328 1104 bus
345 1029 431 1104 illud
448 1027 630 1101 horridum
644 1038 684 1099 ‘et
700 1026 894 1101 obsoletum
913 1029 987 1128 (1),
1007 1042 1043 1102 et
1063 1035 1285 1132 expurgantis

262 1156 417 1229 laborem
437 1166 471 1228 et
490 1154 697 1252 sapientiam
709 1155 881 1226 aestimare
896 1157 1084 1252 possimus.
1099 1159 1209 1232 Multa
1226 1160 1287 1230 ni·-

263 1283 393 1354 mirum
415 1280 615 1379 abrogavit,
635 1303 713 1375 quae
737 1281 882 1352 nimiam
910 1283 1153 1379 antiquitatem
1178 1284 1286 1357 redo-

263 1405 386 1478 lerent.
396 1406 513 1490 Quum
522 1406 615 1477 enim
624 1403 717 1502 apud
726 1405 879 1478 Ennium
888 1406 1285 1504 etipsumapudAttium

263 1529 419 1628 subjecta
434 1541 469 1601 et
484 1528 683 1601 istiusmodi
697 1529 869 1625 plurima,
886 1539 920 1600 et
936 1531 1127 1626 agrestium
1143 1531 1285 1626 quidem

264 1656 415 1753 reperire
429 1656 495 1740 sit,
511 1655 548 1725 in
560 1653 662 1756 Tullii
674 1653 886 1726 carminibus
899 1651 973 1725 haee
985 1654 1115 1726 frustra
1125 1657 1260 1751 quaeras
1275 1682 1284 1730 :

270 1781 484 1877 «Sanguen,
510 1778 651 1875 squala,
677 1777 868 1875 equalitas,
897 1777 1037 1863 solitas,
1069 1780 1283 1877 ungustitas,

264 1905 455 1989 vicinitas,
477 1904 672 2002 magnites,
690 1904 948 2002 egregiissima,
968 1902 1152 1990 anxitudo,
1173 1905 1285 1992 facul,

264 2027 412 2115 dividia,
430 2029 567 2102 senium
588 2056 604 2096 o
626 2027 803 2102 taedium»
826 2027 945 2125 volup.
968 2055 985 2096 o

312 2157 460 2230 Duriora
483 2179 622 2252 quoque
641 2154 697 2228 vel
721 2156 798 2250 ipsa
823 2165 949 2226 natura
972 2152 1028 2226 vel
1053 2155 1286 2226 eontraetione

263 2283 479 2380 proscripsit.
509 2279 744 2354 Offendissent
775 2279 869 2350 enim
905 2279 999 2350 auris
1029 2279 1285 2376 superbissimae

259 2406 431 2506 judicium
450 2403 688 2500 ‹possestrix3
702 2412 887 2499 parentum
897 2403 1068 2476 insertum
1078 2403 1286 2500 investigem

177 2607 180 2620 .
264 2529 351 2604 dum
366 2529 478 2627 gratia
494 2527 565 2625 (2),
585 2555 603 2595 s
620 2537 655 2598 et
667 2526 842 2624 vulgarior
856 2525 1007 2600 litteras
1025 2527 1283 2624 praetermissio,

265 2679 337 2752 qua
354 2666 428 2728 tam
444 2654 555 2729 multa
571 2652 665 2750 apud
681 2653 832 2726 Ennium
854 2664 889 2726 et
906 2653 1041 2726 Attium
1058 2656 1175 2728 neseio
1192 2635 1287 2750 quod

264 2779 448 2854 horridum
473 2777 702 2863 contrahunt,
734 2788 795 2864 nt,
822 2777 922 2852 verbi
949 2801 1074 2864 eausa,
1105 2779 1284 2859 «Visust,

266 2904 410 2980 stultust
426 2915 461 2976 et
476 2903 515 2976 hi
530 2927 652 2986 versus
671 2928 680 2975 ε

306 3105 349 3168 Te
358 3122 453 3178 nune,
467 3109 571 3166 sancta
581 3103 702 3178 Venus,
718 3119 835 3184 precor,
850 3105 880 3162 et
890 3073 1019 3174 genitrix
1029 3097 1115 3176 patri'
1127 3098 1222 3158 nostri
1233 3094 1285 3180 (3).

347 3297 454 3360 Suavis
467 3297 574 3370 homo,
591 3295 743 3369 lacundn',
760 3312 815 3358 suo
827 3292 991 3366 eontentu’,
1009 3290 1132 3365 beatus,
1251 3307 1253 3312 ·

347 3407 450 3483 Saltu,
464 3406 598 3470 secunda
611 3405 737 3486 loquens
752 3405 785 3468 in
797 3409 951 3485 tempore,
963 3401 1144 3476 commodu',
1158 3398 1287 3462 verbum

350 3516 489 3580 Paucum
502 3518 557 3598 (l).

302 3762 340 3832 (tl
354 3761 392 3818 De
407 3759 535 3831 Oratore,
549 3760 569 3816 l.
583 3765 618 3831 3,
629 3763 675 3819 et.
1108 3821 1109 3826 ,

303 3859 340 3930 (2)
353 3857 447 3916 Bothe.
460 3859 546 3915 Poetoe
556 3858 680 3928 scenici,
695 3855 837 3926 Atalanta,
852 3854 973 3924 Pacuvii,
985 3869 1013 3926 p.
1029 3855 1091 3909 409.

306 3955 467 4026 (alliarias.
487 3953 615 4012 Annales.

306 4051 343 4121 (l)
360 4051 469 4110 Ibidem.
