2966 4776
583 369 744 426 ..45-

102 539 105 548 .
159 512 262 598 atque
278 501 480 586 laetantem,
507 500 671 574 uberibus
688 500 815 598 lupinis
834 501 1048 587 inhiantem,
1065 503 1170 576 luisse

159 629 377 700 meministis.
397 629 471 712 Quo
490 627 631 723 quidem
650 638 823 725 tempore,
844 652 953 724 quum
971 627 1170 726 haruspices

160 775 201 824 ex
222 762 294 825 tota
309 753 448 824 Etruria
467 754 723 838 convenissent,
744 753 852 825 oaedes
869 764 972 850 atque
991 753 1169 838 incendia,

159 889 194 948 et
212 877 328 975 legum
341 879 538 963 interitum,
557 886 591 949 et
607 876 737 949 bellum
754 877 852 949 eivile
869 901 909 949 ac
926 878 1170 962 domesticum,

159 1013 194 1073 et
212 1004 316 1074 totius
335 1002 430 1075 urbis
450 1013 553 1098 atque
568 1003 704 1098 imperii
723 1026 882 1075 oceasum
899 1004 1173 1099 appropinquare

159 1123 336 1207 dixerunt,
363 1125 429 1195 nisi
450 1123 497 1195 dii
513 1123 731 1196 limmortales
749 1124 843 1195 omni
866 1125 999 1196 ratione
1018 1125 1168 1222 placati,

79 1238 80 1242 ¹
157 1274 220 1322 suo
239 1251 379 1322 numine
397 1272 503 1344 prope
519 1250 590 1320 fata
608 1249 683 1345 ipsa
698 1248 888 1322 flexissent.
907 1279 923 1318 r

206 1375 241 1444 Si
272 1376 386 1444 nrinus
417 1372 676 1472 intelligeretur,
698 1398 768 1471 qua
794 1374 979 1447 verborum
1009 1375 1174 1474 magnili-

158 1500 293 1584 centia,
313 1523 381 1595 quo
399 1521 623 1572 numerorum
639 1510 719 1597 apto
737 1510 772 1571 et
790 1499 896 1572 nobili
909 1499 1083 1597 pondere,
1105 1525 1173 1596 quo

159 1623 308 1719 denique
330 1633 426 1695 motu
455 1633 489 1694 et
509 1624 631 1720 spiritu
658 1623 730 1696 haeo
758 1625 874 1695 omnia
895 1625 1062 1710 ferantur,
1088 1622 1174 1695 illud

153 1753 228 1844 jam
247 1758 349 1844 poeta
365 1747 526 1843 patefacit
542 1772 551 1819 ε

238 1945 305 2008 Jam
318 1965 390 2007 vero
403 1949 513 2019 ramae,
530 1950 677 2007 nocturno
692 1950 828 2026 tempore
841 1950 926 2022 visae,

238 2056 397 2117 Terribiles
411 2055 515 2116 lormae
529 2055 643 2117 bellum
660 2060 818 2134 motusque
832 2058 1011 2133 monebaut;

240 2165 398 2243 Multaque
410 2183 463 2244 per
476 2168 571 2225 terras
586 2168 669 2226 vates
684 2165 785 2226 oracla
800 2163 911 2226 furenti

237 2271 359 2334 Pectore
372 2272 551 2346 fundebant,
568 2275 666 2333 tristes
681 2275 851 2334 minitantia
863 2291 970 2334 casus:

241 2387 341 2461 Atque
354 2402 404 2458 ea,
423 2402 490 2461 quae
504 2383 590 2461 lapsu
605 2383 727 2444 tandem
741 2383 873 2444 cecidere
886 2386 1021 2456 vetusto,

239 2491 405 2568 Hectore,
421 2494 573 2573 perpetuis
588 2494 677 2566 signis
690 2491 838 2569 clarisque
850 2490 1060 2570 frequentans,

238 2601 305 2678 lpse
318 2602 407 2661 deum
422 2602 537 2674 genitor
553 2599 628 2660 coelo
646 2601 792 2676 terrisque
809 2601 945 2661 canebat.

240 2709 326 2769 Nune
340 2727 393 2781 ea,
409 2710 561 2786 Torquato
576 2727 643 2785 quae
658 2708 810 2784 quondam
826 2714 856 2768 et
869 2710 989 2770 oonsule
1002 2708 1088 2772 Cotta

241 2815 354 2895 Lydius
367 2817 499 2876 ediderat
511 2816 662 2893 tyrrhena
676 2817 772 2888 gentis
787 2816 956 2895 haruspex,

242 2923 352 2986 Omnia
367 2923 425 2984 lixa
442 2928 511 2984 tuus
529 2922 699 2996 glomerans
711 2923 891 2983 determinat
907 2943 1014 2986 annus.

242 3033 320 3095 Nam
334 3037 418 3113 pater
430 3033 608 3105 altisonam,
625 3030 756 3092 stellanti
773 3032 861 3092 nixus
874 3030 1024 3113 Olympo,

241 3143 308 3223 Ipse
320 3123 387 3204 suos
402 3142 553 3220 quondam
564 3141 698 3202 tumulos
714 3158 747 3201 ao
763 3141 876 3219 templa
890 3145 1014 3222 petivit,

239 3253 280 3313 Et
298 3251 470 3332 Capitolinis
490 3250 590 3329 injecit
607 3247 725 3310 sedibus
742 3250 837 3324 ignes.

239 3363 317 3423 Tum
332 3364 443 3441 speeies
454 3380 491 3421 ex
506 3378 565 3422 aare
578 3353 663 3421 vetus'
679 3375 883 3434 generosaque
895 3357 995 3420 Natta

242 3470 388 3544 Concidit,
408 3471 576 3549 elapsaque
588 3470 707 3528 vetusto
724 3468 848 3527 numine
862 3466 943 3540 leges
957 3487 965 3527 ι

241 3579 281 3640 Et
297 3581 399 3640 divum
418 3579 575 3640 simulacra
595 3578 721 3657 peremit
738 3575 873 3636 fulminis
891 3575 991 3636 ardor.

241 3689 299 3751 Hie
318 3689 457 3752 silvestris
472 3692 556 3762 erat,
575 3689 692 3749 romani
709 3687 838 3746 nominis
853 3685 960 3759 altrix,

243 3796 368 3870 Martia,
390 3817 457 3876 quae
477 3815 583 3877 parvos
604 3795 746 3856 Mavortis
766 3795 879 3855 semiue
893 3797 980 3854 natos

243 3905 389 3969 Uberibus
403 3907 530 3983 gravidis
543 3907 627 3968 vitali
641 3924 709 3966 rore
722 3903 855 3978 rigabat3

243 4011 319 4086 Qua
333 4021 396 4078 tum
410 4036 479 4079 ourn
493 4018 594 4098 pueris
608 4015 762 4076 flammato
778 4013 913 4074 fulminis
925 4015 987 4074 iotu

245 4121 395 4201 Concidit,
412 4125 503 4205 atque
519 4124 622 4188 avulsa
637 4123 748 4203 pedum
760 4122 885 4195 vestigia
898 4121 997 4198 liquit.
