2994 4774
583 373 621 388 ..
642 341 682 402 43
706 375 741 388 ..

169 535 171 540 .
203 476 248 546 Et
265 495 410 546 rursus:

236 672 412 735 sublimiter
426 671 698 753 quadrupedantes,
715 672 872 736 dammam
885 673 1046 737 hoiitantss
1059 673 1125 758 (iii

203 867 250 938 iit
265 866 303 937 in
323 865 473 957 Thyesta:

280 1059 347 1140 lpse
361 1061 487 1122 summis
500 1060 578 1122 saxis
594 1059 672 1122 fixus
686 1062 813 1141 asperis,
830 1063 1024 1136 evisceratus,

278 1167 385 1230 Latere
398 1169 546 1249 pendens,
562 1186 634 1231 saxa
648 1187 790 1250 spargens
802 1170 872 1233 tabo
888 1163 948 1254 (iii

160 1353 163 1370 '
205 1362 309 1460 Apud
326 1363 479 1436 Ennium
508 1387 646 1460 quoque
666 1363 876 1460 splendescit
903 1388 1175 1461 nonnunquam,

160 1489 308 1587 assurgit
331 1500 367 1561 ct
390 1487 593 1562 nobilitetur
616 1489 739 1562 oratio.
765 1490 930 1573 Quamvis
956 1499 1030 1562 arte
1053 1489 1176 1574 rudis,

159 1611 307 1685 vividam
324 1611 486 1708 exprimit
503 1612 691 1710 imaginem
709 1611 767 1685 hic
781 1637 929 1687 versus:

239 1813 355 1894 Sparsis
372 1813 469 1889 longis
483 1813 577 1878 hastis
592 1833 717 1897 campus
729 1814 866 1896 splendet
880 1820 911 1878 ei
925 1817 1029 1878 horret
1043 1813 1096 1899 (ὅ).

208 2028 370 2126 Lyricum
396 2027 502 2098 ctiam
520 2025 689 2122 impetum
712 2035 748 2096 et
766 2027 904 2132 efflatus
927 2025 1076 2100 audaces
1099 2025 1182 2098 alibi

160 2155 292 2252 spirare
311 2153 505 2224 sentimus:
598 2235 600 2240 ¹

280 2349 331 2412 Sol
344 2349 429 2428 equis
441 2349 533 2410 itiner
543 2347 687 2427 repressit
702 2345 825 2421 ungulis
840 2345 1008 2408 volentibus
1022 2343 1077 2430 (i).

210 2565 382 2635 Consueta
401 2560 569 2660 gravitate
592 2527 824 2632 sententiosus
848 2569 945 2632 vates
967 2557 1033 2631 heo
1056 2568 1183 2631 moesto

163 2687 305 2760 deservit
323 2687 568 2794 imprecatione
586 2709 595 2756 :

162 2881 268 2960 Neque
277 2879 460 2959 sepulcrum,
468 2895 528 2956 quo
538 2878 662 2957 recipiat
669 2895 711 2952 se,
719 2875 840 2951 habent,
851 2879 974 2956 portum
985 2877 1117 2956 corporis
1126 2876 1181 2955 (5)i

124 3103 134 3124 ·
211 3093 373 3166 Breviora
385 3100 485 3175 sunt,
501 3089 575 3163 sine
590 3089 714 3176 dubio,
734 3113 812 3186 quae
825 3091 951 3187 raptim
968 3089 1182 3190 collegimus,

163 3240 270 3315 quem
285 3226 325 3288 ut
339 3214 544 3294 Enniumet
559 3213 646 3288 aiios
664 3214 780 3288 lstinae
793 3215 909 3311 poesis
927 3225 1085 3288 auctores
1101 3214 1186 3289 iide-

163 3340 242 3414 liter
266 3339 491 3413 adumbratos
520 3362 688 3436 agnoscas
718 3330 755 3411 et
780 3339 982 3415 admireris.¹
1005 3338 1186 3437 Ejusmodi

165 3477 286 3538 temen
294 3461 452 3561 exempla
462 3487 568 3560 supra
579 3475 832 3548 memorantur,
845 3487 887 3536 ex
902 3461 1029 3560 quibus
1043 3472 1079 3534 et
1088 3461 1187 3535 intei-

206 3713 242 3781 (i)
257 3712 357 3781 Bothe,
369 3712 491 3768 Hectoris
505 3711 592 3784 iytrc,
607 3725 636 3783 p.
650 3713 694 3768 ti.

203 3813 240 3882 (2)
254 3811 365 3881 ibidem,
385 3808 519 3882 Thyestes,
535 3808 623 3881 Ennii,
635 3824 664 3883 p.
680 3811 724 3865 66.
751 3863 753 3868 ,

207 3908 244 3980 (3)
262 3905 378 3977 Ibidem,
390 3906 501 3980 Scipio,
513 3905 606 3976 Ennii,
618 3919 646 3977 p.
662 3908 706 3961 60.

206 4007 242 4075 it)
263 4003 380 4076 ibidem,
394 4005 500 4077 Scipio,
515 4003 603 4074 Ennii,
618 4017 646 4075 p.
662 4006 705 4059 60.

204 4105 242 4172 tt)
256 4101 374 4172 ibidem,
391 4100 529 4174 ibycsics,
542 4100 635 4172 Ennii,
648 4115 676 4174 p.
693 4103 737 4157 67.
