2966 4776
733 317 897 380 ΑΒ...

324 509 325 516 1
351 455 470 539 Quum.
482 463 599 526 autom
617 451 674 526 his
690 464 725 526 ct
741 441 868 526 talibus
884 445 1039 550 legendis
1056 453 1236 539 immoror,
1264 456 1334 526 mi-

302 579 372 652 rari
388 576 482 650 soleo
495 575 589 674 quod
603 575 797 652 Macrobius
811 576 880 648 alia
899 577 1033 648 minore
1046 575 1160 648 studio
1177 576 1332 648 fortasse

303 703 410 801 digna
425 700 611 799 colligens,
631 713 780 798 quatuor
793 702 933 774 omnino
951 700 1044 774 locos
1062 702 1188 787 affert,
1199 701 1333 798 quibus

302 826 485 925 Virgilium
499 825 630 922 abipso
648 828 810 900 Cicerone
822 825 990 906 nonnulla
1005 837 1203 899 mutuatum
1219 827 1333 900 fuisse

304 951 496 1024 confirmet.
522 951 657 1025 Evincit
679 952 841 1049 equidem
866 962 1006 1049 poetam
1029 954 1067 1024 in
1092 952 1148 1024 his
1169 952 1332 1025 uersibus

191 1147 195 1162 ,
305 1074 504 1175 lingendis:

527 1275 554 1340 Ο
574 1276 656 1339 lama
670 1273 793 1354 ingens,
811 1278 960 1352 ingentior
972 1277 1074 1351 armis,

386 1385 441 1448 Vir
459 1385 587 1467 trojane.

389 1592 547 1682 Proximus
564 1592 650 1668 huic,
670 1591 760 1665 longo
776 1590 827 1652 sed
841 1591 996 1670 proximus
1014 1576 1182 1667 intervallo,

307 1797 486 1896 dialogos,
515 1800 660 1870 Catonem
680 1807 714 1870 et
739 1800 894 1884 Brutum,
914 1799 1082 1870 memoria
1104 1799 1277 1885 tenuisse;
1298 1812 1334 1872 et

307 1921 481 1996 Ciceronis
506 1947 644 2020 quoque
664 1923 818 2021 vestigiis
844 1924 1082 2009 insistentem,
1103 1922 1173 1996 duo
1196 1923 1329 1997 verba:

313 2047 558 2136 «umbracula,
568 2071 752 2135 vexasse»
767 2049 805 2120 in
820 2073 963 2122 sensum
977 2048 1164 2145 quemdam
1181 2049 1338 2154 peculia-A

308 2198 383 2247 rem
399 2173 594 2248 deflexisse.
620 2175 761 2246 Utinam
783 2197 865 2246 vero
881 2171 1076 2247 Macrobius
1091 2197 1113 2244 e
1129 2173 1230 2246 Tullii
1248 2195 1333 2246 can-

307 2299 460 2372 minibus
490 2299 592 2372 obvia
615 2297 775 2394 quaedam
801 2296 1097 2395 deprompsisset,
1126 2321 1221 2394 qua,
1251 2323 1331 2371 cum
1456 2341 1457 2369 t

307 2423 505 2520 Virgilianis
519 2422 657 2507 collata,
672 2423 761 2493 vatis
773 2423 953 2518 utriusque
970 2421 1109 2495 laudem
1121 2422 1332 2520 amplificare

308 2549 524 2644 potuissent,
543 2557 605 2619 aut
623 2545 748 2618 saltem
775 2557 911 2620 servata
933 2571 1008 2620 rem
1027 2549 1198 2621 Ciceronis
1216 2550 1332 2645 poeti-

308 2695 386 2745 cam
405 2671 596 2757 adornare,
612 2682 647 2744 et
662 2673 790 2744 nostris
809 2673 1020 2769 quamdam,
1039 2673 1119 2747 licet
1135 2676 1328 2761 minorem,

308 2797 489 2878 desideriis
506 2795 680 2872 medelam
696 2796 843 2871 allerre!

357 2923 474 3008 Quum
501 2924 538 2995 in
562 2923 682 2995 multis
709 2923 806 3009 aliis,
833 2933 909 2995 tum
930 2925 967 2995 in
993 2925 1207 2994 Plroeuomcuis
1232 2913 1269 2994 et
1294 2923 1333 2994 in

309 3047 516 3137 Prognosticis
532 3047 744 3141 prasertim,
765 3045 950 3142 Virgilius,
971 3045 1133 3118 eumdem
1156 3055 1333 3118 auctorem

309 3193 418 3243 manu
432 3192 595 3256 versans,
612 3171 682 3242 acri
699 3170 887 3243 certamine
901 3172 1100 3244 Ciceronem
1113 3169 1334 3245 aemularetur

308 3299 381 3372 lere
398 3321 539 3396 necesse
555 3297 632 3371 fuit.
654 3300 731 3383 Qua
747 3299 966 3371 contentione
984 3298 1068 3395 quid
1086 3297 1198 3396 magis
1215 3296 1260 3369 ad
1276 3295 1334 3368 la-
1453 3389 1454 3394 Ἰ

310 3425 390 3496 tinae
400 3424 514 3521 poesis
526 3422 680 3495 studium
690 3419 1036 3495 interfuisscthunc
1047 3420 1185 3518 planius
1196 3431 1334 3493 nostros
1453 3413 1454 3469 l

311 3557 392 3619 onte
421 3548 539 3621 oculos
569 3546 832 3631 obversaretur,
862 3570 932 3643 quo
965 3544 1176 3618 sublimioris
1205 3544 1335 3642 ingenii

312 3675 432 3746 efflatu
453 3680 527 3772 jam
554 3672 680 3747 florida
701 3672 863 3746 Tulliana
887 3695 995 3762 musac
1023 3671 1188 3768 pubertas
1213 3680 1335 3744 matu-

313 3798 421 3870 riores
437 3797 578 3871 tandem
590 3797 721 3870 fructus
736 3797 908 3872 effuderit.
920 3796 1085 3870 Macrobii
1098 3805 1215 3868 tamen
1225 3796 1332 3880 vices,

314 3920 473 4018 quamvis
489 3921 526 3992 in
543 3921 710 4006 minutis,
731 3920 892 4018 supplere
909 3916 1008 3991 nobis
1032 3918 1146 3992 liceat.

364 4052 536 4130 Ciceronis
561 4052 727 4141 aemulus,
747 4051 845 4127 Arati
871 4073 1009 4148 quoqne
1028 4051 1235 4143 Prognosticis
1254 4059 1335 4122 stu-
