2994 4774
744 335 780 350 ,
806 301 844 360 rs
868 333 909 350 -

363 433 542 508 Translata
557 445 812 521 consectantur,
829 447 868 508 ut
887 439 1054 508 Pacuvius
1073 461 1081 508 :
1100 495 1103 498 .

394 629 483 692 Nunc
498 633 632 712 primum
646 636 754 712 opacat
766 631 840 692 tiore
854 632 967 708 lanugo
984 651 1087 708 genas.
1132 671 1134 676 ·

363 809 431 883 Sed
441 811 479 882 in
491 811 557 883 hoc
566 833 693 910 genere
704 836 760 886 res
771 813 839 886 illis
852 815 969 886 minus
986 813 1170 887 succedere
1183 811 1333 885 videtur.

313 932 445 1006 Indicio
472 935 628 1008 nondum
652 949 746 1010 certo
768 937 867 1021 irati,
898 937 1060 1036 ampullis
1090 948 1125 1011 et
1151 936 1337 1011 immodico

314 1069 450 1131 tumore
472 1070 687 1159 turgescunt.
706 1061 809 1159 Apu'd
833 1061 912 1135 illos
935 1063 1211 1161 promontorium
1231 1061 1337 1136 «lin-

313 1204 419 1278 guam
449 1183 608 1281 projicit;
642 1183 738 1256 unda
765 1208 849 1258 cavo
876 1183 992 1257 littore
1025 1184 1152 1270 latrat,
1185 1195 1221 1256 et
1252 1207 1337 1256 saxa

313 1304 494 1404 clangente
523 1306 670 1405 strepitu
695 1308 920 1396 cachinnant3
948 1307 1076 1382 coelum
1108 1319 1162 1382 est
1193 1306 1338 1406 clupeus

314 1429 506 1518 altisonus;
536 1432 678 1506 tibicina
702 1435 854 1538 maximo
881 1433 999 1508 labore
1026 1435 1162 1534 mugit3
1190 1433 1339 1508 bellator

315 1555 464 1629 effundit
481 1558 613 1630 irarum
631 1557 833 1657 quadrigas.
854 1587 870 1628 ι
893 1577 896 1586 ’

365 1671 544 1753 Interdum
569 1691 687 1754 tamen
709 1706 831 1776 verum
856 1682 927 1756 illic
944 1682 1065 1770 robur,
1089 1684 1142 1757 vis
1158 1685 1335 1770 animosa,

315 1803 480 1902 splendor
506 1817 541 1880 et
565 1806 715 1906 dignitas
737 1809 903 1881 eminent.
932 1809 1024 1894 Quid
1043 1817 1119 1909 jam
1141 1813 1337 1909 expressius

320 1931 538 2027 requiramus
557 1955 663 2028 quam
681 1931 769 2005 illud
781 1935 897 2006 Medea
915 1960 925 2005 :

396 2131 458 2196 Sibi
470 2137 506 2196 nt
519 2134 648 2197 salutem
662 2134 803 2198 familiari
817 2101 938 2217 pareret
954 2136 1133 2217 parricidio?
1150 2134 1189 2219 (1)

363 2348 434 2420 Aut
451 2351 540 2418 Atrei
561 2371 571 2417 z

498 2568 603 2633 Gnatis
616 2570 788 2652 sepulcrum
801 2571 865 2652 ipse
880 2589 988 2652 parens
1004 2569 1067 2656 (ill

362 2777 528 2850 Nervisne
551 2775 710 2851 deficitur
727 2788 762 2850 et
780 2779 920 2865 animo,
942 2803 1051 2876 quum
1078 2775 1242 2851 describit
1264 2771 1340 2846 haec

314 2903 448 2974 Ennius
467 2927 476 2976 ι
902 2917 905 2924 “

561 3104 628 3167 Alia
643 3105 752 3166 linctus
765 3105 882 3181 differt,
898 3105 1021 3185 dissipat

376 3213 557 3276 visceratim
569 3214 717 3288 membra,
731 3216 827 3276 maria
836 3215 913 3277 salsa
923 3216 1065 3295 spumant
1075 3214 1221 3288 sanguine
1234 3210 1297 3296 (dli

363 3433 408 3505 Et
424 3431 492 3505 alio
508 3431 609 3506 loco:

396 3629 449 3692 AEs
462 3635 550 3707 sonit,
565 3633 748 3709 franguntur
761 3634 871 3718 basto,
885 3639 968 3695 terra
978 3631 1068 3695 sudat
1081 3630 1251 3706 sanguinet

352 3868 391 3937 (t)
407 3870 506 3942 Bothe,
519 3871 634 3939 Ennius,
650 3887 679 3945 p.
692 3877 738 3931 55.

353 3967 392 4034 lii
403 3967 516 4036 ibidem,
531 3968 645 4040 Atreus,
657 3971 739 4036 luit,
756 3984 786 4043 p.
801 3972 863 4026 tao.

353 4065 390 4134 (3)
403 4063 518 4137 ibidem,
534 4063 719 4138 Andromeda,
733 4081 762 4140 p.
780 4067 823 4123 37.
888 4119 891 4122 .
