2966 4776
613 325 653 336 ..
676 291 715 350 37
740 325 775 335 -

192 431 227 493 et
244 422 356 520 magis
376 422 480 494 etium
497 445 507 492 ε

293 645 342 708 Sic
355 663 496 707 conversa
509 649 596 706 vetus
611 661 700 724 super
714 644 829 706 aethera
842 644 969 707 vertitur
984 645 1079 720 Argo,

292 755 393 832 Atque
408 773 503 832 usque
518 772 639 834 aprora
653 754 691 815 ad
705 753 817 814 celsum
833 753 1018 816 sinelumine
1033 754 1165 830 malum,

291 866 318 927 A
334 865 413 928 malo
427 864 465 926 ad
479 866 606 944 puppim
621 881 696 925 cum
706 864 822 924 lumine
834 864 916 925 alara
929 865 1059 926 videtur.

238 1072 397 1170 Elegenti
418 1094 674 1169 nonnunquam-
694 1083 730 1144 et
753 1095 874 1168 pressa
898 1095 1035 1168 semper
1058 1071 1211 1144 oratione

189 1194 261 1266 Ara
279 1194 487 1268 describitur
508 1195 557 1292 (1)
578 1220 587 1268 :

293 1416 368 1479 Inde
381 1415 474 1496 Nape
489 1434 592 1478 cernes
605 1420 728 1496 propter
741 1414 885 1492 fulgentis
898 1435 1026 1480 acumen

294 1528 405 1600 Aram,
422 1545 514 1604 quam
529 1527 604 1587 flatu
618 1526 786 1606 permulcet
801 1528 920 1606 spiritus
933 1528 1050 1602 Austri,
1144 1535 1145 1538 ’

292 1635 410 1710 Exiguo
424 1654 568 1716 superum
585 1653 654 1714 quae
666 1635 783 1698 lumina
798 1639 934 1716 tempore
948 1641 1071 1713 tranat3

292 1744 371 1806 Nam
384 1744 490 1824 prorui
504 1749 637 1806 Arcturo
652 1749 697 1806 est
712 1743 836 1807 adversa
851 1749 938 1826 parte
952 1741 1061 1807 locata.

293 1855 424 1914 Arcturo
438 1871 583 1927 magnum
598 1855 692 1932 spatio
707 1871 798 1932 supra
812 1854 893 1914 dedit
909 1854 1013 1914 orbern

293 1961 428 2041 Jupiter3
443 1963 526 2023 hunc
540 1981 669 2041 parvum
684 1962 823 2024 inferiore
837 1965 868 2023 in
882 1966 966 2042 parte
979 1962 1100 2024 locavit.

293 2069 365 2132 Haee
377 2075 482 2132 tamen
495 2075 607 2132 aeterno
621 2072 752 2154 invisens
765 2072 829 2132 loca
845 2070 994 2132 curriculo
1009 2090 1089 2147 nox,

201 2169 204 2174 “
293 2176 385 2253 Signa
396 2179 477 2239 dedit
492 2181 605 2253 nautis,
623 2180 722 2239 cuncti
737 2197 806 2258 quae
820 2196 942 2240 noscere
955 2183 1091 2258 possent,

293 2285 510 2350 Commiserans
525 2289 685 2350 hominum
700 2289 878 2350 metuendos
892 2289 1025 2366 undique
1039 2307 1136 2354 casus.

291 2397 370 2460 Nam
387 2415 482 2476 quum
499 2398 668 2474 fulgentem
685 2417 788 2461 cernes
806 2400 870 2460 sine
886 2398 1019 2486 nubibus
1034 2389 1108 2460 atris

292 2509 402 2582 Aram,
420 2508 476 2570 sub
490 2509 590 2570 media
603 2510 672 2570 cmii
686 2511 808 2584 regione
822 2510 967 2582 locatam,

293 2615 319 2673 d
333 2632 452 2676 summa
465 2621 552 2695 parte
565 2617 693 2678 obseura
706 2616 833 2691 ealigine
847 2621 974 2691 tectam,

297 2720 377 2781 Tum
390 2721 495 2782 validis
507 2721 603 2796 fugito
618 2724 752 2785 devitans
767 2724 881 2806 viribus
893 2727 1051 2787 Austrum.

295 2825 396 2902 Quem
410 2831 434 2889 si
448 2831 629 2908 prospiciens
642 2832 800 2905 vitaveris,
817 2833 920 2892 omnia
933 2837 1020 2893 caute

294 2937 494 3000 Armamenta
506 2938 625 3014 locans,
642 2943 710 3000 tuto
724 2939 826 3000 labere
840 2958 893 3019 per
907 2940 1014 3002 undas.

295 3043 347 3106 Sin
360 3035 457 3120 gravis
469 3047 606 3109 inciderit
621 3048 794 3110 vehementi
808 3047 931 3110 flamine
944 3051 1070 3123 ventum

294 3154 462 3231 Perfringet
475 3158 568 3219 celsos
582 3159 679 3220 defixo
692 3159 799 3222 robore
813 3158 908 3221 malos
921 3181 930 3221 ι

294 3261 332 3324 Ut
344 3283 392 3324 res
406 3259 490 3325 nulla
503 3264 582 3326 ieras
598 3269 688 3346 possit
702 3267 836 3329 mulcere
851 3266 1012 3346 procellam,

295 3369 334 3431 Ni
348 3377 432 3450 parte
446 3392 483 3434 ex
496 3373 652 3451 Aquilonis
665 3393 789 3454 opacam
803 3373 915 3454 pellere
929 3374 1043 3435 nubem

296 3477 426 3560 Coeperit
439 3487 470 3544 et
484 3483 587 3545 subitis
599 3485 680 3546 auris
694 3484 843 3547 diduxerit
856 3481 930 3546 Ara.

245 3689 312 3759 Sex
335 3691 438 3787 primi
454 3717 575 3764 versus
600 3715 710 3790 graeeo
728 3690 876 3788 preximi
900 3683 1088 3774 accedunt3
1108 3709 1216 3784 quum

197 3821 314 3886 temen
331 3816 424 3912 apud
441 3817 588 3889 Aratum
605 3839 718 3912 neque
735 3816 879 3913 Jupiter,
899 3836 1011 3910 neque
1028 3837 1097 3886 nox
1113 3833 1217 3884 curru

235 4060 271 4129 tt)
292 4062 400 4133 Nubite,
417 4066 478 4124 tut.
493 4066 606 4135 Aratus,
622 4066 683 4121 iot.
