2954 4776
567 315 748 374 -lla-

152 446 310 544 quamvis
334 454 452 524 autem
481 442 596 518 verbis
613 441 810 540 impeditior
834 447 1040 518 sententiam
1065 445 1164 518 evol-

150 583 230 656 vat,
263 593 383 667 pressa
411 579 446 640 et
475 577 594 640 exacta
625 590 776 664 graecum
808 568 983 664 exemplar
1011 569 1164 642 oratione

150 691 278 764 reddit.

200 813 342 886 Incertis
363 813 467 884 etiam
483 808 557 881 haec
573 809 694 881 inserit
705 808 835 882 Rothe:

232 1034 311 1096 Nam
324 1051 378 1094 nos
391 1033 530 1104 decebat,
553 1034 635 1092 eoetu
648 1030 832 1092 celebrantes
843 1031 980 1106 domum,
1001 1004 1004 1012 ¹

236 1141 368 1215 Lugere,
391 1141 443 1200 ubi
461 1144 536 1200 esset
554 1137 660 1216 aliquis
675 1139 707 1199 in
720 1139 820 1199 lucem
832 1139 943 1213 editus,

232 1248 383 1311 Humanae
397 1251 465 1311 vitae
478 1250 560 1310 varia
573 1250 748 1327 reputantes
763 1248 862 1324 mala;

236 1359 290 1432 nt,
309 1359 360 1436 qui
376 1359 494 1419 labores
506 1362 603 1419 morte
619 1357 730 1418 finisset
745 1376 861 1432 graves,

235 1465 348 1529 Omnes
362 1468 474 1528 amicos
487 1467 577 1528 laude
589 1471 620 1527 et
633 1467 739 1528 laetitia
752 1467 878 1544 exsequi·
889 1463 948 1549 (l);

154 1677 232 1750 quaa
261 1652 327 1729 sibi
354 1653 470 1726 Cicero
496 1651 648 1724 vindieat
678 1651 733 1724 his
760 1651 875 1723 verbis
908 1676 917 1723 ε
960 1678 976 1718 r
1016 1651 1092 1735 Qua
1116 1662 1170 1723 est

155 1776 326 1846 sententia
353 1775 390 1846 in
422 1777 602 1867 Cresphonte
634 1800 719 1846 usus
764 1774 960 1872 Euripides,
996 1803 1020 1844 r
1044 1773 1172 1846 Loeurir

153 1899 262 1996 igitur
289 1923 397 1993 quum
419 1875 494 1996 jam
521 1900 633 1970 Ennio
658 1897 767 1970 Bothe
790 1898 989 1983 tribuisset,
1012 1897 1174 1979 eumdem

155 2023 296 2096 incertis
327 2023 500 2094 immerito
531 2022 727 2118 permiscet.
756 2023 845 2092 Nam
876 2023 1030 2094 Ciceroni
1057 2020 1175 2093 damni

156 2145 315 2219 nonnihil
340 2147 453 2218 allert.
481 2145 580 2230 Quod
600 2147 629 2217 si
654 2146 746 2216 enim
767 2169 871 2241 supra
903 2144 1035 2216 laudati
1054 2168 1176 2217 versus

156 2293 321 2342 numeros
339 2280 372 2340 et
390 2268 595 2367 elegantiam
621 2271 795 2367 Euripidis
827 2269 1045 2356 desiderant,
1067 2283 1101 2341 et
1116 2293 1177 2341 se-

158 2391 292 2462 cundus
317 2392 508 2488 tertiusque
528 2392 684 2490 languidi
700 2394 815 2465 nervis
843 2404 983 2478 carent,
1005 2416 1114 2488 quum
1132 2392 1177 2463 sit

160 2514 197 2585 in
213 2538 324 2612 graeco
341 2541 350 2587 :

241 2701 331 2761 Decet
345 2702 515 2760 nascentem
527 2699 632 2773 lugere
643 2701 675 2760 in
687 2703 732 2761 tot
745 2703 879 2762 miserias
891 2703 1070 2774 intrantem,

163 2883 253 2956 fidus
278 2894 396 2956 tamen
415 2883 584 2978 interpres
609 2893 642 2954 et
669 2884 752 2954 satis
777 2859 963 2954 concinnus
986 2884 1023 2954 in
1046 2882 1177 2954 caeteris

163 3004 283 3077 haberi
300 3006 415 3077 Cicero
430 3013 555 3100 potest.

213 3127 365 3200 Tertium
378 3125 471 3198 aliud
483 3127 653 3199 omittitur
665 3127 918 3224 fragmentum,
938 3129 992 3201 cui
1009 3139 1100 3200 certe
1118 3127 1179 3199 ci-

164 3253 299 3324 ceronis
310 3250 740 3348 nomenpraescribendum
758 3264 832 3325 est:
857 3282 872 3321 r
891 3253 1001 3350 Vulgo
1019 3254 1112 3324 enim
1129 3251 1178 3324 di-

165 3378 274 3461 citur,
292 3375 405 3470 inquit
422 3376 611 3472 interpres,
639 3403 654 3442 r
663 3376 808 3473 jucundi
822 3377 888 3446 acti
905 3374 1090 3460 laborem»
1115 3398 1177 3446 nec

166 3497 258 3570 male
274 3495 468 3591 Euripides.
492 3495 715 3581 Concludam,
740 3497 770 3568 si
790 3507 930 3592 potero,
947 3497 1071 3584 latine,
1086 3521 1180 3595 grae-

168 3644 248 3695 cum
266 3619 359 3688 enim
378 3615 472 3690 huno
490 3641 630 3690 versum
643 3619 752 3690 nostis
772 3643 914 3696 omnes:

253 3815 358 3878 Suavis
371 3813 509 3876 laborum
524 3821 568 3877 est
579 3792 959 3896 preteritorumruemoria
969 3817 1020 3902 (t).

208 3997 246 4064 (t)
263 3996 382 4066 Tuscul„
399 4001 424 4068 t,
440 3999 483 4054 l8.
497 3980 541 4055 Cf,
555 3999 677 4057 missor.
699 4003 830 4072 Apospas
857 4001 1052 4088 Orespbontes,
1072 4003 1139 4074 lrag.
1154 4005 1180 4058 l.

209 4091 244 4156 (a)
259 4093 299 4152 be
309 4091 410 4164 finibus
424 4091 527 4159 bonor„
541 4095 560 4150 l.
570 4099 598 4164 t,
611 4099 653 4152 ³2.

1014 4195 1034 4253 8
