<?xml version="1.0" encoding="UTF-8"?>
<!DOCTYPE html PUBLIC "-//W3C//DTD XHTML 1.0 Transitional//EN"
    "http://www.w3.org/TR/xhtml1/DTD/xhtml1-transitional.dtd">
<html xmlns="http://www.w3.org/1999/xhtml" xml:lang="en" lang="en">
 <head>
  <title>
</title>
<meta http-equiv="Content-Type" content="text/html;charset=utf-8" />
  <meta name='ocr-system' content='tesseract 3.04.00' />
  <meta name='ocr-capabilities' content='ocr_page ocr_carea ocr_par ocr_line ocrx_word'/>
</head>
<body>
  <div class='ocr_page' id='page_1' title='image "./depoeticamtulli00fagugoog_0144.png"; bbox 0 0 2954 4776; ppageno 0'>
   <div class='ocr_carea' id='block_1_1' title="bbox 584 326 767 389">
    <p class='ocr_par' dir='ltr' id='par_1_1' title="bbox 584 326 767 389">
     <span class='ocr_line' id='line_1_1' title="bbox 584 326 767 389; baseline 0.022 -4"><span class='ocrx_word' id='word_1_1' title='bbox 584 326 767 389; x_wconf 69' lang='lat' dir='ltr'><strong>-l29-</strong></span> 
     </span>
    </p>
   </div>
   <div class='ocr_carea' id='block_1_2' title="bbox 161 458 1233 1178">
    <p class='ocr_par' dir='ltr' id='par_1_2' title="bbox 161 458 1233 1178">
     <span class='ocr_line' id='line_1_2' title="bbox 165 458 1233 558; baseline 0.006 -26"><span class='ocrx_word' id='word_1_2' title='bbox 165 459 220 536; x_wconf 87' lang='lat' dir='ltr'><strong>rel</strong></span> <span class='ocrx_word' id='word_1_3' title='bbox 254 460 393 556; x_wconf 76' lang='lat' dir='ltr'><strong>optimis</strong></span> <span class='ocrx_word' id='word_1_4' title='bbox 426 460 479 534; x_wconf 90' lang='lat' dir='ltr'><strong>sui</strong></span> <span class='ocrx_word' id='word_1_5' title='bbox 508 458 657 556; x_wconf 73' lang='lat' dir='ltr'><strong>equales</strong></span> <span class='ocrx_word' id='word_1_6' title='bbox 688 461 952 558; x_wconf 66' lang='lat' dir='ltr'>componebant.</span> <span class='ocrx_word' id='word_1_7' title='bbox 987 465 1183 540; x_wconf 81' lang='lat' dir='ltr'>Consularis</span> <span class='ocrx_word' id='word_1_8' title='bbox 1207 459 1233 483; x_wconf 77' lang='lat'><em>⁷</em></span> 
     </span>
     <span class='ocr_line' id='line_1_3' title="bbox 165 585 1184 684; baseline 0.008 -26"><span class='ocrx_word' id='word_1_9' title='bbox 165 586 258 661; x_wconf 82' lang='lat' dir='ltr'><strong>eninr</strong></span> <span class='ocrx_word' id='word_1_10' title='bbox 285 595 409 682; x_wconf 86' lang='lat' dir='ltr'><strong>poeta,</strong></span> <span class='ocrx_word' id='word_1_11' title='bbox 433 595 658 682; x_wconf 88' lang='lat' dir='ltr'><strong>patronorum</strong></span> <span class='ocrx_word' id='word_1_12' title='bbox 681 585 782 684; x_wconf 80' lang='lat' dir='ltr'><strong>lenge</strong></span> <span class='ocrx_word' id='word_1_13' title='bbox 803 591 1126 684; x_wconf 74' lang='lat' dir='ltr'><strong>praestantissimus,</strong></span> <span class='ocrx_word' id='word_1_14' title='bbox 1148 592 1184 668; x_wconf 91' lang='lat' dir='ltr'><strong>in</strong></span> 
     </span>
     <span class='ocr_line' id='line_1_4' title="bbox 164 707 1183 804; baseline 0.008 -24"><span class='ocrx_word' id='word_1_15' title='bbox 164 707 308 780; x_wconf 76' lang='lat' dir='ltr'><strong>consilio</strong></span> <span class='ocrx_word' id='word_1_16' title='bbox 331 707 468 804; x_wconf 91' lang='lat' dir='ltr'><strong>publico</strong></span> <span class='ocrx_word' id='word_1_17' title='bbox 493 731 630 780; x_wconf 87' lang='lat' dir='ltr'><strong>summa</strong></span> <span class='ocrx_word' id='word_1_18' title='bbox 646 707 779 804; x_wconf 87' lang='lat' dir='ltr'><strong>pellens</strong></span> <span class='ocrx_word' id='word_1_19' title='bbox 802 711 1022 796; x_wconf 81' lang='lat' dir='ltr'><strong>anctoritate,</strong></span> <span class='ocrx_word' id='word_1_20' title='bbox 1042 711 1183 788; x_wconf 77' lang='lat' dir='ltr'><strong>clientes</strong></span> 
     </span>
     <span class='ocr_line' id='line_1_5' title="bbox 162 829 1183 926; baseline -0.001 -19"><span class='ocrx_word' id='word_1_21' title='bbox 162 831 389 915; x_wconf 85' lang='lat' dir='ltr'><strong>innumeros,</strong></span> <span class='ocrx_word' id='word_1_22' title='bbox 422 831 680 926; x_wconf 76' lang='lat' dir='ltr'><strong>amicorumque</strong></span> <span class='ocrx_word' id='word_1_23' title='bbox 715 829 853 906; x_wconf 85' lang='lat' dir='ltr'><strong>turbam</strong></span> <span class='ocrx_word' id='word_1_24' title='bbox 885 843 920 906; x_wconf 90' lang='lat' dir='ltr'><strong>et</strong></span> <span class='ocrx_word' id='word_1_25' title='bbox 952 837 1183 910; x_wconf 73' lang='lat' dir='ltr'><strong>assentatores</strong></span> 
     </span>
     <span class='ocr_line' id='line_1_6' title="bbox 162 954 1184 1056; baseline 0.008 -28"><span class='ocrx_word' id='word_1_26' title='bbox 162 956 310 1034; x_wconf 85' lang='lat' dir='ltr'><strong>fortasse</strong></span> <span class='ocrx_word' id='word_1_27' title='bbox 328 979 397 1032; x_wconf 77' lang='lat' dir='ltr'><strong>sun</strong></span> <span class='ocrx_word' id='word_1_28' title='bbox 416 955 512 1052; x_wconf 82' lang='lat' dir='ltr'><strong>poesi</strong></span> <span class='ocrx_word' id='word_1_29' title='bbox 529 954 711 1056; x_wconf 83' lang='lat' dir='ltr'><strong>conciliare</strong></span> <span class='ocrx_word' id='word_1_30' title='bbox 729 955 861 1030; x_wconf 88' lang='lat' dir='ltr'><strong>Tullius</strong></span> <span class='ocrx_word' id='word_1_31' title='bbox 880 956 1018 1030; x_wconf 89' lang='lat' dir='ltr'><strong>evaluit.</strong></span> <span class='ocrx_word' id='word_1_32' title='bbox 1038 961 1093 1034; x_wconf 86' lang='lat' dir='ltr'><strong>Me</strong></span> <span class='ocrx_word' id='word_1_33' title='bbox 1110 975 1184 1036; x_wconf 82' lang='lat' dir='ltr'><strong>tus·</strong></span> 
     </span>
     <span class='ocr_line' id='line_1_7' title="bbox 161 1066 1184 1178; baseline 0.007 -25"><span class='ocrx_word' id='word_1_34' title='bbox 161 1081 252 1176; x_wconf 83' lang='lat' dir='ltr'><strong>picis</strong></span> <span class='ocrx_word' id='word_1_35' title='bbox 277 1104 415 1176; x_wconf 88' lang='lat' dir='ltr'><strong>quoque</strong></span> <span class='ocrx_word' id='word_1_36' title='bbox 441 1079 556 1164; x_wconf 84' lang='lat' dir='ltr'><strong>subit,</strong></span> <span class='ocrx_word' id='word_1_37' title='bbox 584 1078 699 1156; x_wconf 83' lang='lat' dir='ltr'><strong>Attico</strong></span> <span class='ocrx_word' id='word_1_38' title='bbox 726 1079 781 1152; x_wconf 86' lang='lat' dir='ltr'><strong>vel</strong></span> <span class='ocrx_word' id='word_1_39' title='bbox 809 1081 917 1156; x_wconf 80' lang='lat' dir='ltr'><strong>iovite</strong></span> <span class='ocrx_word' id='word_1_40' title='bbox 933 1066 1184 1178; x_wconf 81' lang='lat' dir='ltr'><strong>nonuunquam</strong></span> 
     </span>
    </p>
   </div>
   <div class='ocr_carea' id='block_1_3' title="bbox 142 1203 1184 3392">
    <p class='ocr_par' dir='ltr' id='par_1_3' title="bbox 160 1203 1184 2290">
     <span class='ocr_line' id='line_1_8' title="bbox 162 1203 1180 1300; baseline 0.006 -22"><span class='ocrx_word' id='word_1_41' title='bbox 162 1203 332 1286; x_wconf 83' lang='lat' dir='ltr'><strong>accidisse</strong></span> <span class='ocrx_word' id='word_1_42' title='bbox 351 1214 412 1290; x_wconf 90' lang='lat' dir='ltr'><strong>ut,</strong></span> <span class='ocrx_word' id='word_1_43' title='bbox 437 1205 511 1300; x_wconf 86' lang='lat' dir='ltr'><strong>ipse</strong></span> <span class='ocrx_word' id='word_1_44' title='bbox 535 1214 660 1300; x_wconf 85' lang='lat' dir='ltr'><strong>poeta,</strong></span> <span class='ocrx_word' id='word_1_45' title='bbox 689 1227 770 1278; x_wconf 86' lang='lat' dir='ltr'><strong>suas</strong></span> <span class='ocrx_word' id='word_1_46' title='bbox 793 1203 914 1280; x_wconf 87' lang='lat' dir='ltr'><strong>laudes</strong></span> <span class='ocrx_word' id='word_1_47' title='bbox 939 1205 1180 1284; x_wconf 69' lang='lat' dir='ltr'><strong>fenerarunt·</strong></span> 
     </span>
     <span class='ocr_line' id='line_1_9' title="bbox 160 1326 1180 1426; baseline 0.006 -26"><span class='ocrx_word' id='word_1_48' title='bbox 160 1331 370 1426; x_wconf 78' lang='lat' dir='ltr'><strong>Exspectare</strong></span> <span class='ocrx_word' id='word_1_49' title='bbox 393 1329 569 1414; x_wconf 65' lang='lat' dir='ltr'><strong>cunina,</strong></span> <span class='ocrx_word' id='word_1_50' title='bbox 590 1326 715 1423; x_wconf 89' lang='lat' dir='ltr'><strong>quihus</strong></span> <span class='ocrx_word' id='word_1_51' title='bbox 738 1327 783 1402; x_wconf 84' lang='lat' dir='ltr'><strong>od</strong></span> <span class='ocrx_word' id='word_1_52' title='bbox 810 1327 937 1404; x_wconf 76' lang='lat' dir='ltr'><strong>crolum</strong></span> <span class='ocrx_word' id='word_1_53' title='bbox 957 1329 1180 1416; x_wconf 79' lang='lat' dir='ltr'><strong>euehebatur,</strong></span> 
     </span>
     <span class='ocr_line' id='line_1_10' title="bbox 162 1451 1182 1539; baseline 0.005 -13"><span class='ocrx_word' id='word_1_54' title='bbox 162 1455 201 1526; x_wconf 89' lang='lat' dir='ltr'><strong>P.</strong></span> <span class='ocrx_word' id='word_1_55' title='bbox 224 1453 368 1539; x_wconf 85' lang='lat' dir='ltr'><strong>Lentulo</strong></span> <span class='ocrx_word' id='word_1_56' title='bbox 397 1475 481 1526; x_wconf 90' lang='lat' dir='ltr'><strong>sane</strong></span> <span class='ocrx_word' id='word_1_57' title='bbox 510 1451 619 1528; x_wconf 84' lang='lat' dir='ltr'><strong>licuit.</strong></span> <span class='ocrx_word' id='word_1_58' title='bbox 647 1453 802 1527; x_wconf 85' lang='lat' dir='ltr'><strong>Partium</strong></span> <span class='ocrx_word' id='word_1_59' title='bbox 822 1476 964 1530; x_wconf 84' lang='lat' dir='ltr'><strong>suarum</strong></span> <span class='ocrx_word' id='word_1_60' title='bbox 987 1465 1182 1530; x_wconf 80' lang='lat' dir='ltr'><strong>conserte-m</strong></span> 
     </span>
     <span class='ocr_line' id='line_1_11' title="bbox 161 1571 1184 1670; baseline 0.002 -22"><span class='ocrx_word' id='word_1_61' title='bbox 161 1583 302 1670; x_wconf 83' lang='lat' dir='ltr'><strong>postam</strong></span> <span class='ocrx_word' id='word_1_62' title='bbox 327 1571 668 1648; x_wconf 82' lang='lat' dir='ltr'><strong>laudibusextellere</strong></span> <span class='ocrx_word' id='word_1_63' title='bbox 691 1584 764 1650; x_wconf 65' lang='lat' dir='ltr'><strong>nm</strong></span> <span class='ocrx_word' id='word_1_64' title='bbox 783 1574 916 1648; x_wconf 86' lang='lat' dir='ltr'><strong>sincero</strong></span> <span class='ocrx_word' id='word_1_65' title='bbox 934 1597 1040 1670; x_wconf 82' lang='lat' dir='ltr'><strong>quarn</strong></span> <span class='ocrx_word' id='word_1_66' title='bbox 1058 1575 1184 1660; x_wconf 82' lang='lat' dir='ltr'><strong>callido</strong></span> 
     </span>
     <span class='ocr_line' id='line_1_12' title="bbox 161 1697 1184 1794; baseline 0.007 -24"><span class='ocrx_word' id='word_1_67' title='bbox 161 1697 299 1770; x_wconf 88' lang='lat' dir='ltr'><strong>Cassius</strong></span> <span class='ocrx_word' id='word_1_68' title='bbox 325 1697 441 1768; x_wconf 86' lang='lat' dir='ltr'><strong>animo</strong></span> <span class='ocrx_word' id='word_1_69' title='bbox 467 1698 591 1794; x_wconf 86' lang='lat' dir='ltr'><strong>potuit.</strong></span> <span class='ocrx_word' id='word_1_70' title='bbox 618 1697 714 1774; x_wconf 79' lang='lat' dir='ltr'><strong>Alios</strong></span> <span class='ocrx_word' id='word_1_71' title='bbox 731 1711 770 1774; x_wconf 86' lang='lat' dir='ltr'><strong>ut</strong></span> <span class='ocrx_word' id='word_1_72' title='bbox 792 1701 973 1786; x_wconf 81' lang='lat' dir='ltr'><strong>emittam,</strong></span> <span class='ocrx_word' id='word_1_73' title='bbox 994 1703 1130 1777; x_wconf 82' lang='lat' dir='ltr'><strong>Graecos</strong></span> <span class='ocrx_word' id='word_1_74' title='bbox 1149 1715 1184 1776; x_wconf 87' lang='lat' dir='ltr'><strong>et</strong></span> 
     </span>
     <span class='ocr_line' id='line_1_13' title="bbox 161 1804 1182 1922; baseline 0.006 -30"><span class='ocrx_word' id='word_1_75' title='bbox 161 1823 358 1906; x_wconf 83' lang='lat' dir='ltr'><strong>Romanos,</strong></span> <span class='ocrx_word' id='word_1_76' title='bbox 377 1804 527 1916; x_wconf 83' lang='lat' dir='ltr'><strong>quqrum</strong></span> <span class='ocrx_word' id='word_1_77' title='bbox 543 1821 738 1917; x_wconf 81' lang='lat' dir='ltr'><strong>frequentia</strong></span> <span class='ocrx_word' id='word_1_78' title='bbox 754 1824 928 1900; x_wconf 82' lang='lat' dir='ltr'><strong>Ciceronis</strong></span> <span class='ocrx_word' id='word_1_79' title='bbox 946 1825 1071 1898; x_wconf 87' lang='lat' dir='ltr'><strong>demus</strong></span> <span class='ocrx_word' id='word_1_80' title='bbox 1089 1849 1182 1922; x_wconf 91' lang='lat' dir='ltr'><strong>quc-</strong></span> 
     </span>
     <span class='ocr_line' id='line_1_14' title="bbox 161 1943 1182 2033; baseline 0.009 -15"><span class='ocrx_word' id='word_1_81' title='bbox 161 1944 249 2018; x_wconf 83' lang='lat' dir='ltr'><strong>tidie</strong></span> <span class='ocrx_word' id='word_1_82' title='bbox 273 1943 521 2030; x_wconf 81' lang='lat' dir='ltr'><strong>celebrabatur,</strong></span> <span class='ocrx_word' id='word_1_83' title='bbox 542 1947 721 2020; x_wconf 89' lang='lat' dir='ltr'><strong>Lucretius</strong></span> <span class='ocrx_word' id='word_1_84' title='bbox 740 1946 906 2033; x_wconf 83' lang='lat' dir='ltr'><strong>fortasse,</strong></span> <span class='ocrx_word' id='word_1_85' title='bbox 928 1949 1083 2024; x_wconf 86' lang='lat' dir='ltr'><strong>Catullus</strong></span> <span class='ocrx_word' id='word_1_86' title='bbox 1108 1952 1182 2026; x_wconf 86' lang='lat' dir='ltr'><strong>sine</strong></span> 
     </span>
     <span class='ocr_line' id='line_1_15' title="bbox 161 2069 1182 2170; baseline 0.003 -25"><span class='ocrx_word' id='word_1_87' title='bbox 161 2069 290 2156; x_wconf 86' lang='lat' dir='ltr'><strong>dubie,</strong></span> <span class='ocrx_word' id='word_1_88' title='bbox 309 2081 348 2141; x_wconf 92' lang='lat' dir='ltr'><strong>ut</strong></span> <span class='ocrx_word' id='word_1_89' title='bbox 373 2079 519 2166; x_wconf 87' lang='lat' dir='ltr'><strong>patrono</strong></span> <span class='ocrx_word' id='word_1_90' title='bbox 538 2070 667 2168; x_wconf 81' lang='lat' dir='ltr'><strong>gratias</strong></span> <span class='ocrx_word' id='word_1_91' title='bbox 691 2073 785 2168; x_wconf 83' lang='lat' dir='ltr'><strong>egit,</strong></span> <span class='ocrx_word' id='word_1_92' title='bbox 805 2073 856 2146; x_wconf 92' lang='lat' dir='ltr'><strong>sic</strong></span> <span class='ocrx_word' id='word_1_93' title='bbox 874 2073 1047 2151; x_wconf 82' lang='lat' dir='ltr'><strong>officiosus</strong></span> <span class='ocrx_word' id='word_1_94' title='bbox 1073 2087 1182 2170; x_wconf 75' lang='lat' dir='ltr'><strong>poeta</strong></span> 
     </span>
     <span class='ocr_line' id='line_1_16' title="bbox 160 2192 622 2290; baseline -0.004 -20"><span class='ocrx_word' id='word_1_95' title='bbox 160 2192 313 2270; x_wconf 87' lang='lat' dir='ltr'><strong>blandiri</strong></span> <span class='ocrx_word' id='word_1_96' title='bbox 329 2217 398 2266; x_wconf 90' lang='lat' dir='ltr'><strong>non</strong></span> <span class='ocrx_word' id='word_1_97' title='bbox 416 2193 539 2272; x_wconf 81' lang='lat' dir='ltr'><strong>abnuit</strong></span> <span class='ocrx_word' id='word_1_98' title='bbox 557 2192 568 2287; x_wconf 91' lang='lat'>(</span> <span class='ocrx_word' id='word_1_99' title='bbox 594 2193 622 2290; x_wconf 83' lang='lat'><strong>).</strong></span> 
     </span>
    </p>

    <p class='ocr_par' dir='ltr' id='par_1_4' title="bbox 142 2317 1183 3163">
     <span class='ocr_line' id='line_1_17' title="bbox 209 2317 1182 2418; baseline 0.005 -26"><span class='ocrx_word' id='word_1_100' title='bbox 209 2321 321 2392; x_wconf 55' lang='lat' dir='ltr'><strong>&amp;aar</strong></span> <span class='ocrx_word' id='word_1_101' title='bbox 333 2319 421 2414; x_wconf 75' lang='lat' dir='ltr'><strong>ipse,</strong></span> <span class='ocrx_word' id='word_1_102' title='bbox 438 2318 483 2394; x_wconf 86' lang='lat' dir='ltr'><strong>ad</strong></span> <span class='ocrx_word' id='word_1_103' title='bbox 502 2329 641 2414; x_wconf 85' lang='lat' dir='ltr'><strong>postam</strong></span> <span class='ocrx_word' id='word_1_104' title='bbox 658 2317 799 2418; x_wconf 82' lang='lat' dir='ltr'><strong>quidem</strong></span> <span class='ocrx_word' id='word_1_105' title='bbox 815 2318 982 2406; x_wconf 84' lang='lat' dir='ltr'><strong>scribens,</strong></span> <span class='ocrx_word' id='word_1_106' title='bbox 998 2320 1042 2397; x_wconf 88' lang='lat' dir='ltr'><strong>dc</strong></span> <span class='ocrx_word' id='word_1_107' title='bbox 1060 2345 1182 2397; x_wconf 87' lang='lat' dir='ltr'><strong>censu·</strong></span> 
     </span>
     <span class='ocr_line' id='line_1_18' title="bbox 158 2441 1182 2540; baseline 0 -20"><span class='ocrx_word' id='word_1_108' title='bbox 158 2441 232 2524; x_wconf 81' lang='lat' dir='ltr'><strong>latu</strong></span> <span class='ocrx_word' id='word_1_109' title='bbox 248 2467 312 2518; x_wconf 85' lang='lat' dir='ltr'><strong>sno</strong></span> <span class='ocrx_word' id='word_1_110' title='bbox 327 2466 468 2519; x_wconf 59' lang='lat' dir='ltr'><strong>minen</strong></span> <span class='ocrx_word' id='word_1_111' title='bbox 487 2443 537 2516; x_wconf 91' lang='lat' dir='ltr'><strong>illi</strong></span> <span class='ocrx_word' id='word_1_112' title='bbox 556 2442 750 2540; x_wconf 83' lang='lat' dir='ltr'><strong>gratulatus</strong></span> <span class='ocrx_word' id='word_1_113' title='bbox 770 2454 844 2520; x_wconf 85' lang='lat' dir='ltr'><strong>crat</strong></span> <span class='ocrx_word' id='word_1_114' title='bbox 865 2442 914 2540; x_wconf 75' lang='lat'><strong>(2)</strong></span> <span class='ocrx_word' id='word_1_115' title='bbox 936 2469 947 2516; x_wconf 73' lang='grc' dir='ltr'><strong>ι</strong></span> <span class='ocrx_word' id='word_1_116' title='bbox 970 2472 986 2514; x_wconf 77' lang='lat' dir='ltr'><strong>u</strong></span> <span class='ocrx_word' id='word_1_117' title='bbox 1003 2447 1113 2530; x_wconf 90' lang='lat' dir='ltr'><strong>Nam,</strong></span> <span class='ocrx_word' id='word_1_118' title='bbox 1132 2446 1182 2520; x_wconf 88' lang='lat' dir='ltr'><strong>ait</strong></span> 
     </span>
     <span class='ocr_line' id='line_1_19' title="bbox 142 2563 1183 2666; baseline 0.006 -24"><span class='ocrx_word' id='word_1_119' title='bbox 142 2563 298 2652; x_wconf 67' lang='lat' dir='ltr'><strong>&#39;‘Cicero‚</strong></span> <span class='ocrx_word' id='word_1_120' title='bbox 328 2569 481 2666; x_wconf 71' lang='lat' dir='ltr'><strong>panum</strong></span> <span class='ocrx_word' id='word_1_121' title='bbox 511 2567 640 2642; x_wconf 90' lang='lat' dir='ltr'><strong>librum</strong></span> <span class='ocrx_word' id='word_1_122' title='bbox 668 2591 704 2640; x_wconf 89' lang='lat' dir='ltr'><strong>se</strong></span> <span class='ocrx_word' id='word_1_123' title='bbox 735 2567 859 2665; x_wconf 84' lang='lat' dir='ltr'><strong>legisse</strong></span> <span class='ocrx_word' id='word_1_124' title='bbox 888 2569 1025 2666; x_wconf 86' lang='lat' dir='ltr'><strong>scripsit</strong></span> <span class='ocrx_word' id='word_1_125' title='bbox 1054 2569 1099 2648; x_wconf 88' lang='lat' dir='ltr'><strong>ad</strong></span> <span class='ocrx_word' id='word_1_126' title='bbox 1124 2595 1183 2648; x_wconf 84' lang='lat' dir='ltr'><strong>me.</strong></span> 
     </span>
     <span class='ocr_line' id='line_1_20' title="bbox 163 2692 1182 2789; baseline 0.001 -23"><span class='ocrx_word' id='word_1_127' title='bbox 163 2700 264 2778; x_wconf 85' lang='lat' dir='ltr'><strong>aute,</strong></span> <span class='ocrx_word' id='word_1_128' title='bbox 283 2702 317 2768; x_wconf 85' lang='lat' dir='ltr'><strong>ot</strong></span> <span class='ocrx_word' id='word_1_129' title='bbox 334 2692 448 2788; x_wconf 88' lang='lat' dir='ltr'><strong>prima</strong></span> <span class='ocrx_word' id='word_1_130' title='bbox 464 2692 513 2766; x_wconf 87' lang='lat' dir='ltr'><strong>sic</strong></span> <span class='ocrx_word' id='word_1_131' title='bbox 525 2745 535 2774; x_wconf 90' lang='lat'>,</span> <span class='ocrx_word' id='word_1_132' title='bbox 549 2702 590 2766; x_wconf 86' lang='lat' dir='ltr'><strong>ut</strong></span> <span class='ocrx_word' id='word_1_133' title='bbox 602 2703 705 2789; x_wconf 81' lang='lat' dir='ltr'><strong>neget</strong></span> <span class='ocrx_word' id='word_1_134' title='bbox 719 2715 755 2762; x_wconf 84' lang='lat' dir='ltr'><strong>se</strong></span> <span class='ocrx_word' id='word_1_135' title='bbox 768 2716 813 2764; x_wconf 86' lang='lat' dir='ltr'><strong>ne</strong></span> <span class='ocrx_word' id='word_1_136' title='bbox 823 2717 935 2789; x_wconf 44' lang='lat' dir='ltr'><strong>wgraeca</strong></span> <span class='ocrx_word' id='word_1_137' title='bbox 953 2695 1095 2789; x_wconf 89' lang='lat' dir='ltr'><strong>quidem</strong></span> <span class='ocrx_word' id='word_1_138' title='bbox 1110 2719 1182 2770; x_wconf 86' lang='lat' dir='ltr'><strong>me·</strong></span> 
     </span>
     <span class='ocr_line' id='line_1_21' title="bbox 161 2814 1175 2914; baseline -0.006 -24"><span class='ocrx_word' id='word_1_139' title='bbox 161 2815 248 2890; x_wconf 89' lang='lat' dir='ltr'><strong>liora</strong></span> <span class='ocrx_word' id='word_1_140' title='bbox 268 2816 407 2914; x_wconf 81' lang='lat' dir='ltr'><strong>legisse.</strong></span> <span class='ocrx_word' id='word_1_141' title='bbox 430 2816 576 2911; x_wconf 85' lang='lat' dir='ltr'><strong>Reliqua</strong></span> <span class='ocrx_word' id='word_1_142' title='bbox 595 2815 640 2892; x_wconf 86' lang='lat' dir='ltr'><strong>ad</strong></span> <span class='ocrx_word' id='word_1_143' title='bbox 661 2814 848 2912; x_wconf 87' lang='lat' dir='ltr'><strong>quemdam</strong></span> <span class='ocrx_word' id='word_1_144' title='bbox 869 2816 984 2892; x_wconf 85' lang='lat' dir='ltr'><strong>locum</strong></span> <span class='ocrx_word' id='word_1_145' title='bbox 1008 2827 1175 2906; x_wconf 64' lang='grc' dir='ltr'><strong><em>ῥαωμᾱτεμ.</em></strong></span> 
     </span>
     <span class='ocr_line' id='line_1_22' title="bbox 162 2938 1180 3016; baseline -0.001 -2"><span class='ocrx_word' id='word_1_146' title='bbox 162 2942 235 3016; x_wconf 84' lang='lat' dir='ltr'><strong>Hoc</strong></span> <span class='ocrx_word' id='word_1_147' title='bbox 259 2941 352 3016; x_wconf 80' lang='lat' dir='ltr'><strong>eninr</strong></span> <span class='ocrx_word' id='word_1_148' title='bbox 369 2941 480 3016; x_wconf 86' lang='lat' dir='ltr'><strong>utitur</strong></span> <span class='ocrx_word' id='word_1_149' title='bbox 502 2938 621 3016; x_wconf 87' lang='lat' dir='ltr'><strong>verbo.</strong></span> <span class='ocrx_word' id='word_1_150' title='bbox 651 2939 714 3014; x_wconf 84' lang='lat' dir='ltr'><strong>Dic</strong></span> <span class='ocrx_word' id='word_1_151' title='bbox 740 2939 827 3013; x_wconf 88' lang='lat' dir='ltr'><strong>mihi</strong></span> <span class='ocrx_word' id='word_1_152' title='bbox 845 2963 968 3015; x_wconf 86' lang='lat' dir='ltr'><strong>verum</strong></span> <span class='ocrx_word' id='word_1_153' title='bbox 985 2965 994 3014; x_wconf 77' lang='lat' dir='ltr'><strong><em>z</em></strong></span> <span class='ocrx_word' id='word_1_154' title='bbox 1014 2965 1100 3015; x_wconf 78' lang='lat' dir='ltr'><strong>nunt</strong></span> <span class='ocrx_word' id='word_1_155' title='bbox 1120 2954 1180 3014; x_wconf 85' lang='lat' dir='ltr'><strong>aut</strong></span> 
     </span>
     <span class='ocr_line' id='line_1_23' title="bbox 159 3063 857 3163; baseline -0.019 -15"><span class='ocrx_word' id='word_1_156' title='bbox 159 3092 223 3163; x_wconf 20' lang='lat' dir='ltr'><strong>ress</strong></span> <span class='ocrx_word' id='word_1_157' title='bbox 235 3085 317 3142; x_wconf 81' lang='lat' dir='ltr'><strong>eum</strong></span> <span class='ocrx_word' id='word_1_158' title='bbox 333 3077 394 3142; x_wconf 88' lang='lat' dir='ltr'><strong>aut</strong></span> <span class='ocrx_word' id='word_1_159' title='bbox 408 3079 541 3156; x_wconf 66' lang='grc' dir='ltr'><strong>χαρακτὴρ</strong></span> <span class='ocrx_word' id='word_1_160' title='bbox 560 3089 631 3140; x_wconf 90' lang='lat' dir='ltr'><strong>non</strong></span> <span class='ocrx_word' id='word_1_161' title='bbox 648 3063 823 3144; x_wconf 77' lang='lat' dir='ltr'><strong>delectat?</strong></span> <span class='ocrx_word' id='word_1_162' title='bbox 841 3095 857 3135; x_wconf 74' lang='lat' dir='ltr'><strong>a</strong></span> 
     </span>
    </p>

    <p class='ocr_par' dir='ltr' id='par_1_5' title="bbox 159 3189 1182 3392">
     <span class='ocr_line' id='line_1_24' title="bbox 210 3189 1180 3288; baseline 0 -22"><span class='ocrx_word' id='word_1_163' title='bbox 210 3191 384 3268; x_wconf 83' lang='lat' dir='ltr'><strong>Ciceronis</strong></span> <span class='ocrx_word' id='word_1_164' title='bbox 396 3191 502 3288; x_wconf 83' lang='lat' dir='ltr'><strong>igitur</strong></span> <span class='ocrx_word' id='word_1_165' title='bbox 513 3189 661 3286; x_wconf 82' lang='lat' dir='ltr'><strong>aquales</strong></span> <span class='ocrx_word' id='word_1_166' title='bbox 675 3189 774 3266; x_wconf 83' lang='lat' dir='ltr'><strong>illum</strong></span> <span class='ocrx_word' id='word_1_167' title='bbox 789 3191 942 3264; x_wconf 78' lang='lat' dir='ltr'><strong>universi</strong></span> <span class='ocrx_word' id='word_1_168' title='bbox 953 3190 1031 3268; x_wconf 84' lang='lat' dir='ltr'><strong>fere·</strong></span> <span class='ocrx_word' id='word_1_169' title='bbox 1041 3203 1180 3287; x_wconf 87' lang='lat' dir='ltr'><strong>poetam</strong></span> 
     </span>
     <span class='ocr_line' id='line_1_25' title="bbox 159 3313 1182 3392; baseline 0 -2"><span class='ocrx_word' id='word_1_170' title='bbox 159 3314 329 3392; x_wconf 79' lang='lat' dir='ltr'><strong>salutant.</strong></span> <span class='ocrx_word' id='word_1_171' title='bbox 349 3313 580 3390; x_wconf 82' lang='lat' dir='ltr'><strong>Laudantiurn</strong></span> <span class='ocrx_word' id='word_1_172' title='bbox 600 3325 717 3392; x_wconf 80' lang='lat' dir='ltr'><strong>tamen</strong></span> <span class='ocrx_word' id='word_1_173' title='bbox 738 3315 843 3388; x_wconf 90' lang='lat' dir='ltr'><strong>chere</strong></span> <span class='ocrx_word' id='word_1_174' title='bbox 859 3315 975 3388; x_wconf 86' lang='lat' dir='ltr'><strong>minus</strong></span> <span class='ocrx_word' id='word_1_175' title='bbox 993 3315 1182 3390; x_wconf 85' lang='lat' dir='ltr'><strong>concordes</strong></span> 
     </span>
    </p>
   </div>
   <div class='ocr_carea' id='block_1_4' title="bbox 158 3423 1311 3534">
    <p class='ocr_par' dir='ltr' id='par_1_6' title="bbox 158 3423 1311 3534">
     <span class='ocr_line' id='line_1_26' title="bbox 158 3423 1311 3534; baseline -0.001 -22"><span class='ocrx_word' id='word_1_176' title='bbox 158 3439 348 3512; x_wconf 89' lang='lat' dir='ltr'><strong>nonnullos</strong></span> <span class='ocrx_word' id='word_1_177' title='bbox 359 3438 680 3511; x_wconf 82' lang='lat' dir='ltr'><strong>animadvertimus.</strong></span> <span class='ocrx_word' id='word_1_178' title='bbox 691 3438 829 3532; x_wconf 89' lang='lat' dir='ltr'><strong>Falsum</strong></span> <span class='ocrx_word' id='word_1_179' title='bbox 840 3423 1032 3534; x_wconf 69' lang='lat' dir='ltr'><strong>emittimus</strong></span> <span class='ocrx_word' id='word_1_180' title='bbox 1045 3438 1181 3511; x_wconf 88' lang='lat' dir='ltr'><strong>Sallus·</strong></span> <span class='ocrx_word' id='word_1_181' title='bbox 1309 3451 1311 3456; x_wconf 86' lang='lat'>&#39;</span> 
     </span>
    </p>
   </div>
   <div class='ocr_carea' id='block_1_5' title="bbox 157 3559 1180 3786">
    <p class='ocr_par' dir='ltr' id='par_1_7' title="bbox 157 3559 1180 3786">
     <span class='ocr_line' id='line_1_27' title="bbox 160 3559 1179 3664; baseline 0.001 -28"><span class='ocrx_word' id='word_1_182' title='bbox 160 3565 272 3650; x_wconf 89' lang='lat' dir='ltr'><strong>tium,</strong></span> <span class='ocrx_word' id='word_1_183' title='bbox 300 3565 360 3661; x_wconf 86' lang='lat' dir='ltr'><strong>qui</strong></span> <span class='ocrx_word' id='word_1_184' title='bbox 385 3565 432 3635; x_wconf 85' lang='lat' dir='ltr'><strong>De</strong></span> <span class='ocrx_word' id='word_1_185' title='bbox 457 3567 639 3657; x_wconf 79' lang='lat' dir='ltr'><strong>temporibus</strong></span> <span class='ocrx_word' id='word_1_186' title='bbox 661 3566 723 3634; x_wconf 83' lang='lat' dir='ltr'><strong>suis</strong></span> <span class='ocrx_word' id='word_1_187' title='bbox 742 3586 880 3635; x_wconf 88' lang='lat' dir='ltr'><strong>carmen</strong></span> <span class='ocrx_word' id='word_1_188' title='bbox 901 3559 1004 3636; x_wconf 87' lang='lat' dir='ltr'><strong>dente</strong></span> <span class='ocrx_word' id='word_1_189' title='bbox 1027 3563 1179 3664; x_wconf 83' lang='lat' dir='ltr'><strong>maligne</strong></span> 
     </span>
     <span class='ocr_line' id='line_1_28' title="bbox 157 3685 1180 3786; baseline -0.001 -26"><span class='ocrx_word' id='word_1_190' title='bbox 157 3689 286 3786; x_wconf 86' lang='lat' dir='ltr'><strong>carpit.</strong></span> <span class='ocrx_word' id='word_1_191' title='bbox 308 3687 517 3761; x_wconf 68' lang='lat' dir='ltr'><strong>sairanem</strong></span> <span class='ocrx_word' id='word_1_192' title='bbox 539 3685 583 3760; x_wconf 86' lang='lat' dir='ltr'><strong>de</strong></span> <span class='ocrx_word' id='word_1_193' title='bbox 604 3710 674 3758; x_wconf 89' lang='lat' dir='ltr'><strong>non</strong></span> <span class='ocrx_word' id='word_1_194' title='bbox 694 3687 850 3758; x_wconf 89' lang='lat' dir='ltr'><strong>curantia</strong></span> <span class='ocrx_word' id='word_1_195' title='bbox 870 3685 921 3783; x_wconf 81' lang='lat'><strong>(3)</strong></span> <span class='ocrx_word' id='word_1_196' title='bbox 938 3693 1014 3784; x_wconf 85' lang='lat' dir='ltr'><strong>jam</strong></span> <span class='ocrx_word' id='word_1_197' title='bbox 1031 3688 1180 3772; x_wconf 86' lang='lat' dir='ltr'><strong>Quintus</strong></span> 
     </span>
    </p>
   </div>
   <div class='ocr_carea' id='block_1_6' title="bbox 198 3901 1177 4257">
    <p class='ocr_par' dir='ltr' id='par_1_8' title="bbox 199 3901 574 3981">
     <span class='ocr_line' id='line_1_29' title="bbox 199 3901 574 3981; baseline -0.008 -23"><span class='ocrx_word' id='word_1_198' title='bbox 199 3902 236 3974; x_wconf 85' lang='lat' dir='ltr'><strong>(t)</strong></span> <span class='ocrx_word' id='word_1_199' title='bbox 255 3901 387 3971; x_wconf 87' lang='lat' dir='ltr'><strong>Catullus,</strong></span> <span class='ocrx_word' id='word_1_200' title='bbox 403 3904 448 3959; x_wconf 79' lang='lat' dir='ltr'><strong>tc.</strong></span> <span class='ocrx_word' id='word_1_201' title='bbox 571 3973 574 3981; x_wconf 29' lang='grc' dir='ltr'>Ι</span> 
     </span>
    </p>

    <p class='ocr_par' dir='ltr' id='par_1_9' title="bbox 198 3993 596 4069">
     <span class='ocr_line' id='line_1_30' title="bbox 198 3993 596 4069; baseline -0.023 -7"><span class='ocrx_word' id='word_1_202' title='bbox 198 3999 237 4069; x_wconf 76' lang='lat'><strong>(2)</strong></span> <span class='ocrx_word' id='word_1_203' title='bbox 256 3999 295 4056; x_wconf 65' lang='grc' dir='ltr'><strong>Λᾶ</strong></span> <span class='ocrx_word' id='word_1_204' title='bbox 309 3993 452 4068; x_wconf 83' lang='lat' dir='ltr'><strong>Quintum,</strong></span> <span class='ocrx_word' id='word_1_205' title='bbox 468 3996 486 4055; x_wconf 91' lang='lat' dir='ltr'><strong>l.</strong></span> <span class='ocrx_word' id='word_1_206' title='bbox 501 4001 536 4068; x_wconf 80' lang='lat'><strong>2,</strong></span> <span class='ocrx_word' id='word_1_207' title='bbox 553 4001 596 4054; x_wconf 79' lang='lat' dir='ltr'><strong>to.</strong></span> 
     </span>
    </p>

    <p class='ocr_par' dir='ltr' id='par_1_10' title="bbox 199 4095 1177 4257">
     <span class='ocr_line' id='line_1_31' title="bbox 199 4095 1177 4186; baseline 0.006 -35"><span class='ocrx_word' id='word_1_208' title='bbox 199 4097 236 4166; x_wconf 81' lang='lat'><strong>(³)</strong></span> <span class='ocrx_word' id='word_1_209' title='bbox 255 4095 294 4152; x_wconf 80' lang='lat' dir='ltr'><strong>Ad</strong></span> <span class='ocrx_word' id='word_1_210' title='bbox 310 4097 449 4164; x_wconf 85' lang='lat' dir='ltr'><strong>Quintum,</strong></span> <span class='ocrx_word' id='word_1_211' title='bbox 465 4095 484 4151; x_wconf 92' lang='lat' dir='ltr'><strong>l.</strong></span> <span class='ocrx_word' id='word_1_212' title='bbox 499 4099 533 4167; x_wconf 76' lang='lat'><strong>2,</strong></span> <span class='ocrx_word' id='word_1_213' title='bbox 557 4099 583 4151; x_wconf 87' lang='grc'><strong>9.</strong></span> <span class='ocrx_word' id='word_1_214' title='bbox 603 4095 647 4152; x_wconf 84' lang='lat' dir='ltr'><strong>Sic</strong></span> <span class='ocrx_word' id='word_1_215' title='bbox 664 4097 741 4168; x_wconf 79' lang='lat' dir='ltr'><strong>vulgo</strong></span> <span class='ocrx_word' id='word_1_216' title='bbox 759 4096 865 4168; x_wconf 77' lang='lat' dir='ltr'><strong>legitur,</strong></span> <span class='ocrx_word' id='word_1_217' title='bbox 880 4099 950 4186; x_wconf 85' lang='lat' dir='ltr'><strong>quod</strong></span> <span class='ocrx_word' id='word_1_218' title='bbox 969 4099 1102 4160; x_wconf 78' lang='lat' dir='ltr'><strong>recentius</strong></span> <span class='ocrx_word' id='word_1_219' title='bbox 1119 4111 1177 4158; x_wconf 84' lang='lat' dir='ltr'><strong>nu·</strong></span> 
     </span>
     <span class='ocr_line' id='line_1_32' title="bbox 1054 4199 1074 4257; baseline 0 0"><span class='ocrx_word' id='word_1_220' title='bbox 1054 4199 1074 4257; x_wconf 84' lang='lat' dir='ltr'><strong>n</strong></span> 
     </span>
    </p>
   </div>
   <div class='ocr_carea' id='block_1_7' title="bbox 0 0 1482 4776">
    <p class='ocr_par' dir='ltr' id='par_1_11' title="bbox 0 0 1482 4776">
     <span class='ocr_line' id='line_1_33' title="bbox 0 0 1482 4776; baseline 0 2"><span class='ocrx_word' id='word_1_221' title='bbox 0 0 1482 4776; x_wconf 95' lang='lat' dir='ltr'><strong> </strong></span> 
     </span>
    </p>
   </div>
  </div>
 </body>
</html>
