2966 4776
606 352 770 412 ...95-

261 477 358 540 Multo
374 477 433 540 alia
451 479 556 540 victrix
570 484 673 542 nostra
691 479 830 543 lustravit
844 489 971 556 manus,

260 585 323 648 Nec
340 589 498 668 quisquam
512 608 528 650 e
542 590 648 652 noshis
662 589 756 669 spolia
767 591 845 670 cepit
858 589 1000 654 laudibus
1017 587 1026 672 (
1047 587 1068 672 J.
1118 644 1120 648 .

227 765 282 838 Ab
306 766 467 865 AEschylo
486 766 728 865 disputationis
752 768 889 841 initium
912 767 1012 841 nobis
1028 760 1193 866 repeten-

180 888 284 977 dum,
306 902 340 963 et
357 915 463 988 quam
489 892 526 963 in
552 893 780 977 sententiam,
813 892 900 964 duce
929 891 1057 978 Bothe,
1084 891 1193 963 critici

181 1016 322 1112 quidam
338 1017 545 1091 recentiores
565 1015 713 1092 abierint
726 1016 989 1116 proponendum
1007 1040 1083 1089 esse
1098 1016 1193 1089 vide-

51 1137 54 1146 ’
181 1153 250 1214 tur.
270 1143 324 1214 Sic
346 1142 403 1215 ille
421 1141 464 1215 de
483 1142 641 1215 versibus
667 1166 709 1214 ex
728 1143 890 1241 AEschylo
907 1143 1103 1227 conversis,
1122 1166 1193 1214 non

180 1273 394 1365 conjectura,
415 1263 476 1340 sed
501 1267 728 1340 affirmatione
746 1253 944 1341 concludit:
969 1297 985 1336 c
1006 1268 1091 1340 Attii
1116 1291 1192 1340 esse

178 1391 310 1463 Nonius
333 1393 370 1462 in
394 1395 514 1478 adulo,
545 1403 578 1464 et
604 1393 798 1465 Priscianus
824 1395 1042 1469 convincunt.
1077 1394 1192 1465 Etiam

178 1515 221 1586 V.
240 1512 346 1599 Gelu,
372 1515 529 1589 Nonius:
548 1516 684 1600 Attius,
701 1519 880 1618 Prometheo
898 1542 907 1588 τ
926 1521 1013 1590 Tum
1031 1517 1192 1615 profusus

178 1638 320 1712 flamine
348 1639 493 1713 hiberno
518 1641 629 1739 gelus.
650 1683 699 1695 -
721 1624 800 1713 Tam
829 1666 899 1714 non
930 1641 1078 1716 habetur
1099 1641 1192 1740 apud

178 1765 393 1836 Priscianum
414 1763 479 1862 (ἓ).
510 1793 527 1833 s

226 1888 274 1960 At
288 1891 439 1987 primum
457 1873 621 1962 Prisciani
638 1903 672 1962 at
693 1891 794 1963 Nonii
808 1893 845 1962 in
862 1890 983 1964 codem
999 1889 1193 1988 fragmento

178 2037 375 2087 consensus*
387 2015 473 2086 nihil
491 2013 536 2086 ad
552 2037 626 2086 rem
645 2015 781 2086 attinet.
802 2016 865 2087 Hic
881 2016 974 2086 enim
997 2039 1142 2088 versus:

327 2210 407 2271 Tum
420 2208 559 2290 profusus
568 2209 689 2272 flumine
701 2209 827 2275 hiberno
841 2210 943 2287 gelus,

179 2394 216 2465 in
233 2418 274 2466 eo
290 2393 364 2465 loco
381 2417 451 2494 non
464 2395 619 2471 ,occurrit
633 2394 677 2468 dc
695 2419 763 2491 quo
780 2419 873 2467 nunc
889 2395 1089 2494 ambigitur.
1109 2397 1193 2466 Pro·

150 2541 153 2546 ·
180 2522 287 2593 mathei
302 2529 419 2590 tamen
448 2519 629 2617 cujusdam
658 2529 834 2592 auctorem
852 2519 985 2598 Attium
1009 2543 1084 2594 esse
1105 2542 1193 2592 con-

181 2646 305 2731 vincit,
325 2644 418 2741 quod
436 2656 527 2717 certe
548 2646 697 2716 multum
714 2644 813 2717 abest
829 2656 868 2716 ut
883 2668 1063 2743 negemus.
1081 2646 1194 2730 Quam

181 2792 262 2841 vero
288 2767 442 2840 fabulam
468 2791 624 2864 egraeco
649 2765 842 2840 convertit?
867 2769 943 2838 Fuit
967 2769 1060 2838 anim
1089 2769 1193 2840 unius

181 2892 334 2992 AEs'chyli
349 2889 473 2988 triplex
493 2889 659 2989 tragoedia
674 2891 813 2967 nomine
828 2887 1035 2960 Prometheos.
1050 2888 1195 2973 Quodsi

179 3041 262 3090 vero
283 3015 467 3114 Sophocles
486 3015 590 3087 etiam
609 3013 741 3088 accedit
758 3015 931 3085 Promethei
940 3066 949 3096 ,
966 3013 1082 3086 nes'cio
1100 3014 1192 3110 quis,

181 3151 313 3227 auctor,
323 3147 454 3239 majore
464 3137 679 3212 dubitatione
689 3136 881 3235 pendentes
891 3137 1076 3210 haeremus.
1094 3139 1195 3235 Frag-

180 3266 308 3337 mentis
329 3275 445 3336 autem
463 3263 566 3362 ipsis,
587 3286 664 3358 quae
685 3262 922 3346 laudavimus,
941 3259 1056 3333 solum
1076 3270 1196 3331 atten-

182 3389 269 3464 dens
279 3444 289 3474 ‚
300 3379 364 3460 nec
375 3387 442 3459 alia
451 3411 589 3472 curans,
603 3387 640 3456 in
653 3385 740 3458 duos
749 3397 841 3458 certe
851 3387 1045 3455 Prometheos
1054 3382 1192 3456 incidis.

232 3515 347 3599 Quum
363 3511 545 3584 «Titanum
560 3508 709 3596 soboles,
721 3521 804 3595 etc„
818 3536 835 3576 s
851 3507 1050 3606 inAEschyli
1060 3519 1196 3582 servato

183 3639 363 3712 Prcmcdmo
382 3661 452 3710 non
469 3637 680 3734 reperiatur,
700 3635 745 3708 ad
763 3633 869 3707 alium
885 3633 1053 3706 lemnium
1069 3657 1197 3730 qnam·-

185 3765 265 3837 dam
296 3763 531 3846 Prometheum,
551 3760 606 3834 val
633 3760 724 3858 ignis
749 3769 948 3857 raptorem,
973 3758 1029 3834 vel
1044 3757 1196 3832 solutum

222 4010 258 4082 (t)
276 4010 359 4069 Gioer.
373 4009 491 4081 hecht,
504 4010 524 4069 1.
538 4013 566 4081 2,
579 4015 606 4081 8,
622 4013 649 4066 9.

224 4105 259 4178 (ἲ)
275 4109 361 4166 Poetoe
376 4109 477 4167 scmtm'
488 4110 658 4180 Latinorum,
671 4121 698 4180 p.
711 4111 773 4170 2³9.
