2966 4776
593 303 757 362 ..7³1...

164 439 242 511 Non
266 436 315 509 ita
344 433 506 512 lamentis
535 430 693 532 indulget
722 435 853 506 Cicero.
885 431 948 508 Hic
978 443 1096 506 autem
1126 433 1187 506 in-

164 562 285 658 primis
306 585 386 634 cum
412 559 471 634 illo
490 560 769 643 consentiamus;
797 569 832 630 et
851 558 962 655 magis
982 556 1188 632 dilectamur

163 686 246 760 his:
273 714 289 756 r
310 687 424 782 Aqua'r'
442 685 552 758 dulcis
572 683 742 769 alumnae,
760 684 882 755 inanes
901 693 1023 755 cantus
1041 683 1187 756 fundere

163 809 314 906 paratis,
333 805 552 904 absurdoque
570 833 655 882 sono
674 836 690 877 s
712 831 818 904 quam
834 806 1027 906 hydrarum
1050 831 1128 880 esca
1153 816 1189 879 et

163 933 367 1008 ranularum
386 931 556 1030 patribus.

213 1060 368 1143 Quatuor
387 1083 508 1131 versus
532 1057 592 1154 qui
613 1055 705 1154 apud
723 1057 923 1130 Ciceronem
944 1056 1187 1156 subjiciuntur,

164 1183 249 1255 satis
266 1181 493 1267 confirmant,
514 1179 607 1277 quod
623 1157 731 1253 critici
744 1183 931 1280 conjiciunt
949 1181 1015 1279 (1),
1033 1183 1191 1274 Propous·

166 1309 295 1379 nieorum
313 1305 466 1403 aliquam
482 1306 719 1378 recensionem
736 1305 779 1377 ab
797 1307 984 1404 interprete
998 1314 1072 1405 jam
1089 1309 1190 1381 annis

164 1443 326 1528 provecto
342 1442 537 1528 susceptam
551 1432 676 1518 luisse,
694 1455 734 1504 eo
749 1442 904 1529 tempore
918 1433 1102 1518 nimirum,
1120 1456 1190 1530 quo

164 1557 213 1626 De
236 1557 398 1626 consulatu
427 1579 567 1628 carmen
596 1567 630 1628 et
646 1557 782 1628 Uraniae
804 1557 1024 1655 prognostica
1051 1580 1190 1652 quoque

165 1682 369 1754 minaretur.
391 1683 435 1753 Hi
454 1683 546 1754 enim
565 1693 713 1778 quatuor
730 1706 840 1754 unum
856 1682 957 1780 graeoi
973 1655 1135 1768 versum,
1156 1693 1192 1755 et

165 1817 289 1902 quater
318 1804 440 1878 eadem
467 1805 632 1878 reddunt.
665 1808 738 1878 Hoc
766 1805 926 1878 Aratus:
950 1805 1055 1878 «Aut
1081 1805 1192 1878 ululat

166 1951 269 2000 mane
286 1928 439 2008 solitaria
454 1927 658 2000 acredula.»
674 1931 847 2024 interpres
856 1953 919 2025 pro
930 1953 1000 2001 uno
1020 1928 1185 2001 ‹ululat›

166 2064 201 2126 et
217 2081 233 2121 r
252 2054 346 2126 canit
361 2075 514 2138 carmen,
527 2080 543 2120 s
557 2061 592 2124 et
605 2051 812 2123 «matutinis
827 2050 969 2124 vocibus
985 2052 1114 2137 instat,
1133 2077 1191 2125 vo-

166 2177 263 2250 cibus
278 2179 386 2250 instat
403 2206 420 2246 »
442 2179 587 2262 iterum,
604 2187 639 2248 ct
657 2204 673 2245 r
690 2175 848 2249 assiduas
865 2176 1022 2272 querelas
1039 2204 1055 2245 s
1075 2176 1191 2276 agglo-

166 2312 290 2375 merat.
309 2305 407 2374 Hanc
420 2300 665 2400 battologiam,
683 2324 753 2397 qua
766 2300 885 2372 forsan
901 2301 1003 2372 variae
1017 2301 1190 2374 Ciceronis

165 2429 373 2500 mutationes
412 2427 663 2526 significantur,
704 2425 841 2499 duobus
874 2435 1010 2498 tantum
1044 2427 1189 2500 servatis
1234 2409 1238 2420 ¹

167 2551 345 2636 versibus,
367 2553 416 2624 sic
435 2575 559 2624 sanare
578 2550 723 2624 liceret:

249 2748 335 2828 Saepe
349 2751 440 2810 etiam
454 2753 593 2829 pertriste
607 2751 687 2811 canit
701 2750 738 2810 de
752 2752 872 2840 pectore
885 2768 1027 2826 carmen,

250 2856 290 2919 Et
307 2859 462 2919 matutinis
479 2856 619 2919 acredula
633 2856 756 2918 uocibus
773 2857 883 2932 instat3
949 2898 950 2901 ,

169 3033 229 3096 aut
246 3046 255 3094 :

249 3223 290 3283 Et
310 3223 474 3284 matutinos
493 3222 611 3282 exercet
625 3216 765 3280 acredula
784 3212 960 3297 contestat,

253 3329 358 3404 Quum
373 3331 506 3412 primurn
520 3328 633 3404 gelidos
646 3345 729 3388 rores
745 3343 854 3386 aurora
868 3322 1008 3385 remittit.

219 3519 375 3602 Quatuor
402 3517 515 3589 ultimi
542 3539 663 3587 versus
693 3510 786 3608 apud
815 3511 1015 3582 Ciceronem
1044 3499 1193 3600 eleganti

170 3667 321 3741 quoque,
341 3642 402 3716 sed
421 3643 532 3740 magis
547 3663 682 3738 pressa,
698 3659 767 3734 qua
782 3635 898 3732 vigere
918 3629 1018 3718 solet,
1037 3628 1193 3703 oratione

167 3776 241 3867 jam
257 3769 423 3841 eminent.

210 3981 246 4048 (tl
262 3979 353 4037 Cicero
367 3978 546 4048 oddilinam,
561 3976 579 4033 l.
596 3979 628 4044 a,
645 3977 670 4032 t.

212 4072 248 4138 (2)
266 4074 309 4130 Sto
319 4075 437 4132 isidorus
448 4075 518 4146 apud
531 4071 690 4130 lindemann
702 4085 730 4142 p.
745 4071 806 4126 tot.
