2994 4774
629 305 792 362 ..15-

198 437 297 510 cendi
320 459 446 536 genere
464 437 595 532 poesim
618 459 640 508 a
663 445 822 533 poemate
848 435 1074 520 discriminat,
1096 437 1208 508 autin

199 560 335 657 putidos
353 559 592 633 concinnitatis
609 553 800 631 Isocraticae'
815 569 1001 630 sectatores
1020 558 1205 630 invehitur.

198 685 401 768 Quumvero
416 681 669 780 philosophiam
685 681 852 755 moralem
868 683 1020 780 attingit,
1034 682 1209 778 proposito

192 815 268 907 jam
282 807 440 881 uberiore
456 809 605 906 potitum
625 807 686 881 sed
703 817 906 906 argumento
923 809 1038 892 nixus,
1057 807 1211 879 oratione

197 944 314 1006 tamen
324 931 468 1006 succidit
482 931 629 1017 enervis,
646 933 833 1006 autCetoni
848 932 970 1005 saltem
982 956 1087 1029 quam
1096 931 1210 1004 Ennio

197 1058 391 1156 propiorem
410 1058 500 1130 hanc
517 1055 688 1130 scribendi
705 1057 852 1130 formam
871 1058 1067 1130 existimes:

261 1285 376 1358 Virtus,
394 1284 518 1359 Albine,
536 1289 581 1346 est
596 1284 726 1363 pretinm
742 1283 910 1364 persolvere
921 1301 1028 1347 verum

142 1465 144 1470 ,
260 1393 394 1470 Qneisin
403 1412 569 1468 1111111111,
581 1395 665 1471 queis
680 1393 802 1454 vivimn’
817 1391 900 1454 rebu'
911 1395 1037 1473 potesse.

258 1607 360 1670 Virtus
371 1611 445 1670 scire
458 1609 574 1670 homini
588 1613 718 1682 rectum,
733 1609 818 1681 utile,
836 1607 909 1686 quid
923 1609 960 1669 sit
973 1607 1147 1677 honestum,

258 1717 334 1793 Once
344 1719 436 1800 bona,
455 1737 522 1798 qnce
535 1719 616 1780 mala
628 1721 718 1793 item,
733 1718 804 1797 quid
816 1718 939 1792 inutile,
956 1722 1057 1798 turpe,
1071 1716 1212 1776 inhones-

418 1837 419 1840 ’
1114 1821 1211 1906 [tum.

258 2037 383 2101 Hostem
392 2057 456 2100 esse
470 2042 561 2116 atque
571 2039 727 2099 inimicum
740 2038 898 2100 hominum
913 2055 1094 2116 morumque
1109 2036 1212 2100 malo-

1104 2141 1210 2227 [rum,

258 2254 369 2317 Contra
378 2253 563 2316 defensorem
578 2254 736 2315 hominum
751 2271 931 2331 morumque
945 2252 1103 2326 bonorum,

257 2365 451 2440 Magnificam
464 2365 529 2438 hos,
552 2365 599 2425 his
612 2365 688 2426 bene
700 2363 789 2437 velle,
804 2364 851 2431 his
861 2365 963 2425 vivere
975 2364 1126 2438 amicum3

257 2473 423 2538 Commoda
433 2479 580 2556 preterea
600 2477 705 2554 patria
724 2475 779 2536 sibi
794 2474 892 2554 prima
906 2476 1033 2552 putare;

257 2581 369 2643 Deinde
381 2586 552 2661 parentum,
568 2584 656 2644 tertia
670 2583 733 2661 jam
747 2585 959 2661 postremaque
974 2583 1088 2642 nostra.
1161 2592 1171 2608 ⁴

247 2804 362 2878 Aurea
384 2829 467 2876 sane
494 2819 677 2903 praeccpta.
705 2809 821 2892 Quum
848 2820 964 2880 autem
993 2811 1029 2881 in
1054 2806 1211 2879 versibus

195 2929 309 3024 poesis
326 2930 535 3026 requiratur,
553 2953 656 3003 nemo
678 2955 748 3004 non
770 2930 997 3006 exclamaret:
1011 2933 1095 3029 quin
1115 2955 1212 3004 mero

195 3076 355 3125 sermone
371 3053 512 3126 scribit?

243 3176 392 3250 Multum
408 3189 526 3250 tamen
550 3179 649 3252 abest
666 3192 705 3253 ut
730 3205 830 3253 suam
849 3181 1057 3278 quibusdam
1083 3180 1210 3252 criticis

194 3299 459 3374 admirationem
476 3302 735 3400 exprobramus,
748 3316 791 3376 'et
807 3306 844 3376 in
858 3304 987 3376 Lucilio
998 3302 1133 3374 nullum
1150 3303 1211 3371 in-

193 3423 286 3522 genii
312 3426 436 3521 poetici
465 3426 627 3522 spiritum
658 3427 829 3499 exstitisse
856 3425 1120 3498 contendamus.
1147 3427 1209 3497 Tot

193 3547 286 3621 illius
296 3550 449 3620 carmina
460 3548 715 3636 desiderantur,
733 3561 773 3622 ut
790 3549 948 3646 improba
965 3559 1113 3621 tumeret
1128 3573 1207 3627 con-

193 3671 349 3757 fidentia,
371 3673 444 3768 qui,
464 3675 680 3769 paucissimis
700 3673 803 3747 modo
823 3671 976 3770 reliquiis
1001 3673 1204 3761 attendens,

193 3798 354 3870 universa
369 3796 567 3871 fastidiosus
586 3812 620 3871 11
631 3800 748 3897 ignota
766 3808 1019 3884 contemneret;
1042 3823 1150 3895 quum
1170 3801 1205 3869 in

193 3921 235 3994 iis
254 3923 358 3994 etiam
373 3945 451 4019 quae
467 3935 674 4021 supersunt,
696 3934 876 3998 occurrant
898 3947 976 4020 quae
992 3921 1111 3997 tollere
1127 3923 1205 3996 vel-

194 4041 257 4130 les,
279 4043 424 4142 exempli
441 4047 552 4144 gratia
568 4071 577 4118 ε
