2994 4774
722 297 883 354 ...18-

294 432 388 508 Talia
405 432 540 506 silentio
556 431 655 506 laoile
672 430 1025 527 praeteunitteremus.
1047 428 1112 504 Ubi
1127 451 1209 504 uero
1226 451 1305 526 poe·

294 557 341 629 sis
359 557 485 654 agitur,
510 579 623 627 sermo
646 577 762 626 merus
785 565 820 626 et
839 552 1007 651 pedestris
1032 552 1131 626 nobis
1155 554 1304 626 maxime

292 679 425 754 sordeo
452 677 541 762 Quid
568 688 684 750 autem
715 678 790 750 istis
816 688 851 750 et
877 676 1045 751 similibus
1073 677 1170 750 humi
1197 678 1305 775 serpit

292 804 458 903 alrjeotius
477 829 485 876 :
856 783 858 788 ⁵

281 983 285 994 ⁸
372 1003 531 1082 Ingenium
547 1006 617 1083 quoi
633 955 717 1066 nulli
731 1005 846 1065 malum
860 1006 1004 1068 sententia
1017 1005 1122 1066 suadet

371 1113 411 1176 Ut
424 1114 534 1176 laceret
548 1113 680 1190 lacinus3
695 1115 786 1187 levis,
801 1114 882 1174 haud
893 1103 995 1187 mal'u’,
1011 1114 1120 1186 dootu’,
1133 1111 1239 1187 fidelis,

371 1221 478 1285 Suavis
491 1223 598 1297 homo,
615 1221 769 1296 iacundu',
787 1241 842 1284 suo
857 1223 1020 1296 eontentu’,
1035 1223 1156 1296 beatus,
1172 1229 1230 1282 eto.

370 1437 497 1498 Additur
512 1440 613 1498 orator
626 1435 774 1500 Corneliu’
789 1437 1021 1514 suaueloqnenti·

371 1545 431 1608 Ore
444 1544 594 1621 Cethegus
606 1545 731 1620 Marou’,
749 1546 899 1608 Tuditano
912 1545 1038 1620 collega.

325 1727 399 1822 ¹llle
415 1775 496 1824 vero
524 1763 645 1848 poeta,
667 1752 728 1824 ubi
746 1753 898 1848 primum
915 1753 951 1822 in
971 1775 1045 1824 rem
1063 1752 1215 1828 carmine
1232 1749 1306 1848 dig-

289 1876 436 1961 niorem,
455 1887 490 1948 et
509 1899 575 1948 suo
590 1877 759 1973 aptiorem
778 1876 931 1974 ingenio,
951 1877 989 1948 in
1006 1899 1104 1948 arma
1121 1874 1250 1947 scilieet
1270 1885 1306 1946 et

289 1997 412 2070 heroas
423 1997 561 2084 incidit,
578 2001 705 2072 animis
715 2000 833 2072 statim
846 1998 1005 2085 exardet,
1019 1998 1132 2072 verbis
1145 1995 1300 2082 ditescit,

288 2124 374 2196 vivis
391 2123 561 2195 coloribus
580 2148 636 2196 res
652 2125 817 2222 expingit.
837 2123 933 2195 Alter
950 2125 1119 2195 Homerus
1140 2119 1302 2194 bellicum

289 2271 412 2319 canere
429 2244 588 2320 videtur:

369 2447 409 2509 Et
422 2452 494 2508 tuno
507 2449 584 2507 siout
597 2464 692 2524 equus
706 2448 774 2524 qui,
791 2446 829 2508 de
842 2444 1024 2526 praesepibus
1039 2449 1138 2518 aetus,

369 2555 476 2617 Vincla
490 2557 568 2616 susis
579 2556 714 2628 magneis
734 2555 841 2615 animis
856 2553 1024 2632 abrumpit,
1041 2557 1072 2615 et
1085 2553 1173 2615 indu-

368 2666 441 2728 Fert
454 2682 516 2726 sese
530 2666 629 2744 campi
645 2683 698 2744 per
715 2664 837 2737 caerula,
852 2663 983 2742 laetaque
996 2669 1100 2745 prata,

370 2773 455 2836 Celso
471 2777 605 2854 pectore,
622 2791 701 2853 saepe
717 2771 824 2852 jubam
838 2776 959 2851 quassat
973 2773 1063 2835 simul
1080 2773 1170 2835 altam
1187 2793 1195 2832 ι

370 2883 497 2963 Spiritus
513 2902 549 2944 ex
564 2884 665 2944 anima
679 2882 774 2943 calida
790 2900 912 2962 spumas
928 2883 989 2956 agit
1003 2882 1098 2943 albas.

290 3093 429 3166 Homeri
441 3115 579 3188 quoque
588 3093 660 3162 vim
670 3101 705 3162 et
716 3091 1106 3191 impetuminsubjeotis
1116 3117 1300 3192 agnosces:

370 3295 399 3357 It
409 3311 520 3374 equus,
533 3296 564 3353 et
576 3293 684 3373 plausu
697 3310 770 3354 aava
785 3294 916 3354 oououtit
928 3292 1043 3367 ungula
1056 3298 1187 3371 terram3

370 3405 498 3466 Tollitur
511 3405 542 3464 in
556 3401 666 3464 ooelum
681 3401 795 3463 elamor
810 3407 931 3464 exortus
944 3405 1096 3482 utrinque.

371 3513 561 3596 Concurrunt
575 3514 657 3573 venti
670 3512 781 3586 ueluti,
800 3530 895 3591 quum
910 3513 1031 3593 spiritus
1042 3516 1136 3577 austri

372 3621 551 3694 Imbrioitor,
566 3620 726 3700 aquilaque
740 3637 793 3682 suo
805 3638 877 3684 oum
888 3619 1010 3682 llamine
1028 3625 1131 3686 eontra

371 3728 450 3792 Indu
466 3732 543 3794 mari
557 3748 667 3804 magno
681 3729 790 3792 fluetus
804 3729 946 3792 extollere
960 3734 1088 3794 cenant.

370 3835 508 3916 Undique
524 3840 717 3911 conveniunt,
734 3837 818 3899 velut
831 3837 939 3910 imber,
954 3838 1014 3900 tela
1026 3838 1164 3916 tribuum

372 3946 535 4022 Conligunt
547 3964 698 4026 parmam,
714 3949 804 4010 tinnit
816 3945 973 4008 hastilibus
985 3947 1093 4022 umbo,
1187 3973 1190 3980 ¹

376 4058 487 4122 AEratse
500 4057 629 4118 sonitant
643 4057 751 4130 galea,
766 4057 818 4118 ssd
834 4073 889 4117 neo
906 4063 975 4136 pote
992 4061 1149 4138 quisquam
