<?xml version="1.0" encoding="UTF-8"?>
<!DOCTYPE html PUBLIC "-//W3C//DTD XHTML 1.0 Transitional//EN"
    "http://www.w3.org/TR/xhtml1/DTD/xhtml1-transitional.dtd">
<html xmlns="http://www.w3.org/1999/xhtml" xml:lang="en" lang="en">
 <head>
  <title>
</title>
<meta http-equiv="Content-Type" content="text/html;charset=utf-8" />
  <meta name='ocr-system' content='tesseract 3.04.00' />
  <meta name='ocr-capabilities' content='ocr_page ocr_carea ocr_par ocr_line ocrx_word'/>
</head>
<body>
  <div class='ocr_page' id='page_1' title='image "./depoeticamtulli00fagugoog_0078.png"; bbox 0 0 2966 4776; ppageno 0'>
   <div class='ocr_carea' id='block_1_1' title="bbox 148 294 1251 2391">
    <p class='ocr_par' dir='ltr' id='par_1_1' title="bbox 168 294 1195 1369">
     <span class='ocr_line' id='line_1_1' title="bbox 597 294 765 352; baseline 0.012 -15"><span class='ocrx_word' id='word_1_1' title='bbox 597 323 638 337; x_wconf 88' lang='lat'><em>-</em></span> <span class='ocrx_word' id='word_1_2' title='bbox 661 294 696 352; x_wconf 82' lang='lat' dir='ltr'>ii</span> <span class='ocrx_word' id='word_1_3' title='bbox 725 323 765 339; x_wconf 81' lang='grc'>.-</span> 
     </span>
     <span class='ocr_line' id='line_1_2' title="bbox 221 422 1190 520; baseline 0.002 -24"><span class='ocrx_word' id='word_1_4' title='bbox 221 423 392 520; x_wconf 86' lang='lat' dir='ltr'>Equidem</span> <span class='ocrx_word' id='word_1_5' title='bbox 413 422 478 494; x_wconf 83' lang='lat' dir='ltr'>has</span> <span class='ocrx_word' id='word_1_6' title='bbox 500 423 591 494; x_wconf 87' lang='lat' dir='ltr'>inter</span> <span class='ocrx_word' id='word_1_7' title='bbox 619 446 703 520; x_wconf 89' lang='lat' dir='ltr'>opes</span> <span class='ocrx_word' id='word_1_8' title='bbox 728 423 830 519; x_wconf 91' lang='lat' dir='ltr'>inops</span> <span class='ocrx_word' id='word_1_9' title='bbox 845 436 983 520; x_wconf 84' lang='lat' dir='ltr'>quoque</span> <span class='ocrx_word' id='word_1_10' title='bbox 999 427 1116 500; x_wconf 88' lang='lat' dir='ltr'>Cicero</span> <span class='ocrx_word' id='word_1_11' title='bbox 1133 428 1190 498; x_wconf 88' lang='lat' dir='ltr'>vi-</span> 
     </span>
     <span class='ocr_line' id='line_1_3' title="bbox 173 546 1192 645; baseline 0.002 -23"><span class='ocrx_word' id='word_1_12' title='bbox 173 548 296 633; x_wconf 84' lang='lat' dir='ltr'>detur;</span> <span class='ocrx_word' id='word_1_13' title='bbox 327 550 366 619; x_wconf 91' lang='lat' dir='ltr'>in</span> <span class='ocrx_word' id='word_1_14' title='bbox 390 546 515 620; x_wconf 90' lang='lat' dir='ltr'>iisdem</span> <span class='ocrx_word' id='word_1_15' title='bbox 543 571 681 645; x_wconf 88' lang='lat' dir='ltr'>semper</span> <span class='ocrx_word' id='word_1_16' title='bbox 708 559 888 634; x_wconf 80' lang='lat' dir='ltr'>versatur,</span> <span class='ocrx_word' id='word_1_17' title='bbox 918 560 954 622; x_wconf 89' lang='lat' dir='ltr'>et</span> <span class='ocrx_word' id='word_1_18' title='bbox 986 561 1037 623; x_wconf 88' lang='lat' dir='ltr'>tot</span> <span class='ocrx_word' id='word_1_19' title='bbox 1059 551 1192 624; x_wconf 82' lang='lat' dir='ltr'>lumina</span> 
     </span>
     <span class='ocr_line' id='line_1_4' title="bbox 170 672 1192 776; baseline 0.003 -31"><span class='ocrx_word' id='word_1_20' title='bbox 170 675 258 751; x_wconf 82' lang='lat' dir='ltr'>fumi</span> <span class='ocrx_word' id='word_1_21' title='bbox 286 672 444 746; x_wconf 91' lang='lat' dir='ltr'>nonnihil</span> <span class='ocrx_word' id='word_1_22' title='bbox 467 673 644 746; x_wconf 87' lang='lat' dir='ltr'>emittunt.</span> <span class='ocrx_word' id='word_1_23' title='bbox 666 673 712 744; x_wconf 82' lang='lat' dir='ltr'>At</span> <span class='ocrx_word' id='word_1_24' title='bbox 727 672 894 772; x_wconf 82' lang='lat' dir='ltr'>pleraque</span> <span class='ocrx_word' id='word_1_25' title='bbox 909 698 991 747; x_wconf 80' lang='lat' dir='ltr'>vcro</span> <span class='ocrx_word' id='word_1_26' title='bbox 1009 675 1192 776; x_wconf 80' lang='lat' dir='ltr'>splendore</span> 
     </span>
     <span class='ocr_line' id='line_1_5' title="bbox 171 798 1193 900; baseline 0.002 -28"><span class='ocrx_word' id='word_1_27' title='bbox 171 801 306 884; x_wconf 82' lang='lat' dir='ltr'>nitent,</span> <span class='ocrx_word' id='word_1_28' title='bbox 324 799 528 894; x_wconf 82' lang='lat' dir='ltr'>Arateisque</span> <span class='ocrx_word' id='word_1_29' title='bbox 557 800 750 894; x_wconf 73' lang='lat' dir='ltr'>praesertim</span> <span class='ocrx_word' id='word_1_30' title='bbox 782 798 908 872; x_wconf 81' lang='lat' dir='ltr'>collata</span> <span class='ocrx_word' id='word_1_31' title='bbox 935 801 1193 900; x_wconf 81' lang='lat' dir='ltr'>magnificentia</span> 
     </span>
     <span class='ocr_line' id='line_1_6' title="bbox 168 923 1191 1028; baseline 0.001 -31"><span class='ocrx_word' id='word_1_32' title='bbox 168 925 323 1022; x_wconf 87' lang='lat' dir='ltr'>quadam</span> <span class='ocrx_word' id='word_1_33' title='bbox 341 925 494 1022; x_wconf 91' lang='lat' dir='ltr'>legentes</span> <span class='ocrx_word' id='word_1_34' title='bbox 505 923 756 1028; x_wconf 86' lang='lat' dir='ltr'>perstringunt.</span> <span class='ocrx_word' id='word_1_35' title='bbox 770 926 907 998; x_wconf 85' lang='lat' dir='ltr'>Graeous</span> <span class='ocrx_word' id='word_1_36' title='bbox 918 927 1012 998; x_wconf 93' lang='lat' dir='ltr'>enim</span> <span class='ocrx_word' id='word_1_37' title='bbox 1029 950 1090 998; x_wconf 81' lang='lat' dir='ltr'>sex</span> <span class='ocrx_word' id='word_1_38' title='bbox 1106 951 1191 999; x_wconf 86' lang='lat' dir='ltr'>ver-</span> 
     </span>
     <span class='ocr_line' id='line_1_7' title="bbox 172 1044 1195 1147; baseline 0.002 -27"><span class='ocrx_word' id='word_1_39' title='bbox 172 1047 270 1120; x_wconf 86' lang='lat' dir='ltr'>sibus</span> <span class='ocrx_word' id='word_1_40' title='bbox 285 1058 422 1120; x_wconf 86' lang='lat' dir='ltr'>tantum</span> <span class='ocrx_word' id='word_1_41' title='bbox 441 1044 626 1119; x_wconf 81' lang='lat' dir='ltr'>duodecim</span> <span class='ocrx_word' id='word_1_42' title='bbox 644 1048 744 1146; x_wconf 86' lang='lat' dir='ltr'>signa</span> <span class='ocrx_word' id='word_1_43' title='bbox 771 1049 948 1147; x_wconf 83' lang='lat' dir='ltr'>congerit,</span> <span class='ocrx_word' id='word_1_44' title='bbox 968 1061 1003 1122; x_wconf 88' lang='lat' dir='ltr'>et</span> <span class='ocrx_word' id='word_1_45' title='bbox 1020 1049 1080 1122; x_wconf 83' lang='lat' dir='ltr'>illa</span> <span class='ocrx_word' id='word_1_46' title='bbox 1099 1049 1195 1122; x_wconf 91' lang='lat' dir='ltr'>nullo</span> 
     </span>
     <span class='ocr_line' id='line_1_8' title="bbox 173 1168 1195 1270; baseline 0.001 -26"><span class='ocrx_word' id='word_1_47' title='bbox 173 1170 374 1244; x_wconf 82' lang='lat' dir='ltr'>discrimine</span> <span class='ocrx_word' id='word_1_48' title='bbox 403 1170 566 1253; x_wconf 78' lang='lat' dir='ltr'>varians,</span> <span class='ocrx_word' id='word_1_49' title='bbox 592 1168 763 1241; x_wconf 86' lang='lat' dir='ltr'>fastorum</span> <span class='ocrx_word' id='word_1_50' title='bbox 796 1172 928 1243; x_wconf 87' lang='lat' dir='ltr'>auctori</span> <span class='ocrx_word' id='word_1_51' title='bbox 957 1196 1063 1268; x_wconf 79' lang='lat' dir='ltr'>quam</span> <span class='ocrx_word' id='word_1_52' title='bbox 1086 1185 1195 1270; x_wconf 69' lang='lat' dir='ltr'>poetae</span> 
     </span>
     <span class='ocr_line' id='line_1_9' title="bbox 176 1294 504 1369; baseline -0.009 0"><span class='ocrx_word' id='word_1_53' title='bbox 176 1294 323 1369; x_wconf 90' lang='lat' dir='ltr'>similior</span> <span class='ocrx_word' id='word_1_54' title='bbox 340 1294 504 1367; x_wconf 85' lang='lat' dir='ltr'>occurrit.</span> 
     </span>
    </p>

    <p class='ocr_par' dir='ltr' id='par_1_2' title="bbox 148 1419 1251 2265">
     <span class='ocr_line' id='line_1_10' title="bbox 148 1419 1251 1518; baseline -0.001 -20"><span class='ocrx_word' id='word_1_55' title='bbox 148 1494 150 1498; x_wconf 86' lang='grc'><em>,</em></span> <span class='ocrx_word' id='word_1_56' title='bbox 224 1421 354 1506; x_wconf 87' lang='lat' dir='ltr'>Quinto</span> <span class='ocrx_word' id='word_1_57' title='bbox 370 1419 471 1491; x_wconf 84' lang='lat' dir='ltr'>iratri</span> <span class='ocrx_word' id='word_1_58' title='bbox 488 1419 569 1515; x_wconf 86' lang='lat' dir='ltr'>qui,</span> <span class='ocrx_word' id='word_1_59' title='bbox 594 1442 706 1515; x_wconf 92' lang='lat' dir='ltr'>quum</span> <span class='ocrx_word' id='word_1_60' title='bbox 731 1419 982 1518; x_wconf 84' lang='lat' dir='ltr'>epigrammata</span> <span class='ocrx_word' id='word_1_61' title='bbox 1002 1419 1072 1493; x_wconf 92' lang='lat' dir='ltr'>duo</span> <span class='ocrx_word' id='word_1_62' title='bbox 1097 1423 1199 1496; x_wconf 88' lang='lat' dir='ltr'>nobis</span> <span class='ocrx_word' id='word_1_63' title='bbox 1245 1489 1251 1498; x_wconf 91' lang='lat'><em>.</em></span> 
     </span>
     <span class='ocr_line' id='line_1_11' title="bbox 175 1542 1198 1644; baseline 0.003 -27"><span class='ocrx_word' id='word_1_64' title='bbox 175 1543 332 1629; x_wconf 87' lang='lat' dir='ltr'>tradidit,</span> <span class='ocrx_word' id='word_1_65' title='bbox 356 1542 428 1616; x_wconf 87' lang='lat' dir='ltr'>sale</span> <span class='ocrx_word' id='word_1_66' title='bbox 452 1543 595 1644; x_wconf 89' lang='lat' dir='ltr'>quidem</span> <span class='ocrx_word' id='word_1_67' title='bbox 618 1544 724 1618; x_wconf 87' lang='lat' dir='ltr'>attico</span> <span class='ocrx_word' id='word_1_68' title='bbox 742 1567 920 1641; x_wconf 84' lang='lat' dir='ltr'>respersu,</span> <span class='ocrx_word' id='word_1_69' title='bbox 941 1556 1017 1618; x_wconf 89' lang='lat' dir='ltr'>turn</span> <span class='ocrx_word' id='word_1_70' title='bbox 1033 1547 1111 1642; x_wconf 89' lang='lat' dir='ltr'>ipse</span> <span class='ocrx_word' id='word_1_71' title='bbox 1125 1549 1198 1620; x_wconf 88' lang='lat' dir='ltr'>Zo-</span> 
     </span>
     <span class='ocr_line' id='line_1_12' title="bbox 175 1664 1199 1764; baseline 0.004 -25"><span class='ocrx_word' id='word_1_72' title='bbox 175 1665 314 1739; x_wconf 88' lang='lat' dir='ltr'>dieeum</span> <span class='ocrx_word' id='word_1_73' title='bbox 337 1665 461 1764; x_wconf 85' lang='lat' dir='ltr'>viginti</span> <span class='ocrx_word' id='word_1_74' title='bbox 480 1664 661 1750; x_wconf 84' lang='lat' dir='ltr'>versibus,</span> <span class='ocrx_word' id='word_1_75' title='bbox 679 1689 750 1737; x_wconf 91' lang='lat' dir='ltr'>non</span> <span class='ocrx_word' id='word_1_76' title='bbox 772 1667 848 1737; x_wconf 93' lang='lat' dir='ltr'>sine</span> <span class='ocrx_word' id='word_1_77' title='bbox 864 1666 1017 1762; x_wconf 82' lang='lat' dir='ltr'>quedam</span> <span class='ocrx_word' id='word_1_78' title='bbox 1033 1671 1199 1743; x_wconf 85' lang='lat' dir='ltr'>orationis</span> 
     </span>
     <span class='ocr_line' id='line_1_13' title="bbox 176 1788 1202 1891; baseline 0.002 -28"><span class='ocrx_word' id='word_1_79' title='bbox 176 1791 346 1890; x_wconf 83' lang='lat' dir='ltr'>elegantia</span> <span class='ocrx_word' id='word_1_80' title='bbox 364 1801 401 1862; x_wconf 90' lang='lat' dir='ltr'>et</span> <span class='ocrx_word' id='word_1_81' title='bbox 417 1789 543 1863; x_wconf 88' lang='lat' dir='ltr'>florido</span> <span class='ocrx_word' id='word_1_82' title='bbox 562 1789 677 1862; x_wconf 83' lang='lat' dir='ltr'>colore</span> <span class='ocrx_word' id='word_1_83' title='bbox 697 1788 902 1887; x_wconf 85' lang='lat' dir='ltr'>descripsit,</span> <span class='ocrx_word' id='word_1_84' title='bbox 922 1792 1122 1865; x_wconf 88' lang='lat' dir='ltr'>Ciceronem</span> <span class='ocrx_word' id='word_1_85' title='bbox 1140 1818 1202 1891; x_wconf 92' lang='lat' dir='ltr'>po-</span> 
     </span>
     <span class='ocr_line' id='line_1_14' title="bbox 176 1913 1201 2017; baseline 0.002 -28"><span class='ocrx_word' id='word_1_86' title='bbox 176 1917 246 1990; x_wconf 88' lang='lat' dir='ltr'>tius</span> <span class='ocrx_word' id='word_1_87' title='bbox 277 1915 433 1989; x_wconf 80' lang='lat' dir='ltr'>conferre</span> <span class='ocrx_word' id='word_1_88' title='bbox 463 1915 595 1988; x_wconf 89' lang='lat' dir='ltr'>liceret.</span> <span class='ocrx_word' id='word_1_89' title='bbox 631 1913 693 1986; x_wconf 93' lang='lat' dir='ltr'>llle</span> <span class='ocrx_word' id='word_1_90' title='bbox 722 1913 847 1987; x_wconf 87' lang='lat' dir='ltr'>saltem</span> <span class='ocrx_word' id='word_1_91' title='bbox 876 1915 962 1988; x_wconf 83' lang='lat' dir='ltr'>latis</span> <span class='ocrx_word' id='word_1_92' title='bbox 991 1917 1201 2017; x_wconf 79' lang='lat' dir='ltr'>imaginibus</span> 
     </span>
     <span class='ocr_line' id='line_1_15' title="bbox 177 2038 1200 2138; baseline 0.001 -24"><span class='ocrx_word' id='word_1_93' title='bbox 177 2042 360 2114; x_wconf 86' lang='lat' dir='ltr'>materiam</span> <span class='ocrx_word' id='word_1_94' title='bbox 387 2052 551 2122; x_wconf 79' lang='lat' dir='ltr'>exornat,</span> <span class='ocrx_word' id='word_1_95' title='bbox 585 2050 620 2112; x_wconf 84' lang='lat' dir='ltr'>et</span> <span class='ocrx_word' id='word_1_96' title='bbox 646 2040 793 2111; x_wconf 81' lang='lat' dir='ltr'>Aratum</span> <span class='ocrx_word' id='word_1_97' title='bbox 822 2038 944 2138; x_wconf 91' lang='lat' dir='ltr'>longe,</span> <span class='ocrx_word' id='word_1_98' title='bbox 973 2043 1090 2114; x_wconf 72' lang='lat' dir='ltr'>nunus</span> <span class='ocrx_word' id='word_1_99' title='bbox 1117 2067 1200 2115; x_wconf 84' lang='lat' dir='ltr'>vero</span> 
     </span>
     <span class='ocr_line' id='line_1_16' title="bbox 176 2165 652 2265; baseline -0.011 -25"><span class='ocrx_word' id='word_1_100' title='bbox 176 2168 328 2241; x_wconf 88' lang='lat' dir='ltr'>Tullium</span> <span class='ocrx_word' id='word_1_101' title='bbox 345 2190 366 2238; x_wconf 85' lang='lat' dir='ltr'>a</span> <span class='ocrx_word' id='word_1_102' title='bbox 382 2176 479 2265; x_wconf 84' lang='lat' dir='ltr'>tergo</span> <span class='ocrx_word' id='word_1_103' title='bbox 498 2165 652 2261; x_wconf 89' lang='lat' dir='ltr'>reliquit.</span> 
     </span>
    </p>

    <p class='ocr_par' dir='ltr' id='par_1_3' title="bbox 225 2288 1198 2391">
     <span class='ocr_line' id='line_1_17' title="bbox 225 2288 1198 2391; baseline -0.002 -27"><span class='ocrx_word' id='word_1_104' title='bbox 225 2289 391 2391; x_wconf 83' lang='lat' dir='ltr'>Ejusdem</span> <span class='ocrx_word' id='word_1_105' title='bbox 418 2291 555 2389; x_wconf 86' lang='lat' dir='ltr'>generis</span> <span class='ocrx_word' id='word_1_106' title='bbox 586 2288 681 2386; x_wconf 85' lang='lat' dir='ltr'>apud</span> <span class='ocrx_word' id='word_1_107' title='bbox 709 2289 910 2362; x_wconf 86' lang='lat' dir='ltr'>Ciceronem</span> <span class='ocrx_word' id='word_1_108' title='bbox 927 2288 1042 2364; x_wconf 90' lang='lat' dir='ltr'>locum</span> <span class='ocrx_word' id='word_1_109' title='bbox 1062 2291 1198 2386; x_wconf 90' lang='lat' dir='ltr'>reperi-</span> 
     </span>
    </p>
   </div>
   <div class='ocr_carea' id='block_1_2' title="bbox 177 2412 1085 2516">
    <p class='ocr_par' dir='ltr' id='par_1_4' title="bbox 177 2412 1085 2516">
     <span class='ocr_line' id='line_1_18' title="bbox 177 2412 1085 2516; baseline -0.002 -26"><span class='ocrx_word' id='word_1_110' title='bbox 177 2443 277 2505; x_wconf 88' lang='lat' dir='ltr'>mus,</span> <span class='ocrx_word' id='word_1_111' title='bbox 297 2418 437 2516; x_wconf 80' lang='lat' dir='ltr'>agmine</span> <span class='ocrx_word' id='word_1_112' title='bbox 453 2420 635 2515; x_wconf 83' lang='lat' dir='ltr'>signorum</span> <span class='ocrx_word' id='word_1_113' title='bbox 651 2435 791 2512; x_wconf 83' lang='lat' dir='ltr'>quoque</span> <span class='ocrx_word' id='word_1_114' title='bbox 808 2412 982 2510; x_wconf 88' lang='lat' dir='ltr'>descripto</span> <span class='ocrx_word' id='word_1_115' title='bbox 1006 2413 1055 2512; x_wconf 87' lang='lat' dir='ltr'>(i)</span> <span class='ocrx_word' id='word_1_116' title='bbox 1074 2441 1085 2488; x_wconf 74' lang='lat' dir='ltr'>t</span> 
     </span>
    </p>
   </div>
   <div class='ocr_carea' id='block_1_3' title="bbox 257 2646 1124 3929">
    <p class='ocr_par' dir='ltr' id='par_1_5' title="bbox 259 2646 983 2828">
     <span class='ocr_line' id='line_1_19' title="bbox 259 2646 983 2728; baseline -0.007 -18"><span class='ocrx_word' id='word_1_117' title='bbox 259 2648 327 2710; x_wconf 86' lang='lat' dir='ltr'>Non</span> <span class='ocrx_word' id='word_1_118' title='bbox 338 2665 436 2728; x_wconf 86' lang='lat' dir='ltr'>pauca</span> <span class='ocrx_word' id='word_1_119' title='bbox 447 2666 466 2708; x_wconf 91' lang='lat' dir='ltr'>e</span> <span class='ocrx_word' id='word_1_120' title='bbox 479 2647 556 2709; x_wconf 85' lang='lat' dir='ltr'>coelo</span> <span class='ocrx_word' id='word_1_121' title='bbox 575 2646 728 2727; x_wconf 88' lang='lat' dir='ltr'>depellens</span> <span class='ocrx_word' id='word_1_122' title='bbox 738 2647 838 2721; x_wconf 86' lang='lat' dir='ltr'>signa,</span> <span class='ocrx_word' id='word_1_123' title='bbox 857 2649 983 2728; x_wconf 86' lang='lat' dir='ltr'>repente</span> 
     </span>
     <span class='ocr_line' id='line_1_20' title="bbox 261 2754 913 2828; baseline -0.005 -11"><span class='ocrx_word' id='word_1_124' title='bbox 261 2755 403 2817; x_wconf 82' lang='lat' dir='ltr'>Exoritur</span> <span class='ocrx_word' id='word_1_125' title='bbox 413 2755 544 2818; x_wconf 88' lang='lat' dir='ltr'>candens</span> <span class='ocrx_word' id='word_1_126' title='bbox 554 2756 665 2818; x_wconf 84' lang='lat' dir='ltr'>illustri</span> <span class='ocrx_word' id='word_1_127' title='bbox 675 2756 792 2818; x_wconf 90' lang='lat' dir='ltr'>lumine</span> <span class='ocrx_word' id='word_1_128' title='bbox 807 2754 913 2828; x_wconf 90' lang='lat' dir='ltr'>Virgo.</span> 
     </span>
    </p>

    <p class='ocr_par' dir='ltr' id='par_1_6' title="bbox 257 2860 1124 3709">
     <span class='ocr_line' id='line_1_21' title="bbox 260 2860 955 2944; baseline -0.009 -17"><span class='ocrx_word' id='word_1_129' title='bbox 260 2862 346 2927; x_wconf 89' lang='lat' dir='ltr'>Cedit</span> <span class='ocrx_word' id='word_1_130' title='bbox 359 2864 439 2926; x_wconf 81' lang='lat' dir='ltr'>clara</span> <span class='ocrx_word' id='word_1_131' title='bbox 449 2863 537 2926; x_wconf 82' lang='lat' dir='ltr'>Fides</span> <span class='ocrx_word' id='word_1_132' title='bbox 545 2863 700 2944; x_wconf 77' lang='lat' dir='ltr'>Cyllenia,</span> <span class='ocrx_word' id='word_1_133' title='bbox 713 2864 861 2937; x_wconf 82' lang='lat' dir='ltr'>mergitur</span> <span class='ocrx_word' id='word_1_134' title='bbox 872 2860 955 2923; x_wconf 84' lang='lat' dir='ltr'>unda</span> 
     </span>
     <span class='ocr_line' id='line_1_22' title="bbox 257 2970 1006 3055; baseline -0.005 -19"><span class='ocrx_word' id='word_1_135' title='bbox 257 2973 444 3055; x_wconf 82' lang='lat' dir='ltr'>Delphinus3</span> <span class='ocrx_word' id='word_1_136' title='bbox 462 2975 553 3036; x_wconf 89' lang='lat' dir='ltr'>simul</span> <span class='ocrx_word' id='word_1_137' title='bbox 568 2976 721 3050; x_wconf 77' lang='lat' dir='ltr'>obtegitur</span> <span class='ocrx_word' id='word_1_138' title='bbox 734 2972 861 3053; x_wconf 86' lang='lat' dir='ltr'>depulsa</span> <span class='ocrx_word' id='word_1_139' title='bbox 876 2970 1006 3046; x_wconf 81' lang='lat' dir='ltr'>Sagitta,</span> 
     </span>
     <span class='ocr_line' id='line_1_23' title="bbox 257 3079 1124 3163; baseline -0.007 -18"><span class='ocrx_word' id='word_1_140' title='bbox 257 3084 358 3163; x_wconf 78' lang='lat' dir='ltr'>Atque</span> <span class='ocrx_word' id='word_1_141' title='bbox 367 3083 439 3146; x_wconf 77' lang='lat' dir='ltr'>Aris</span> <span class='ocrx_word' id='word_1_142' title='bbox 456 3084 494 3146; x_wconf 84' lang='lat' dir='ltr'>ad</span> <span class='ocrx_word' id='word_1_143' title='bbox 506 3102 659 3147; x_wconf 87' lang='lat' dir='ltr'>summam</span> <span class='ocrx_word' id='word_1_144' title='bbox 678 3083 809 3145; x_wconf 85' lang='lat' dir='ltr'>caudam</span> <span class='ocrx_word' id='word_1_145' title='bbox 823 3082 996 3162; x_wconf 85' lang='lat' dir='ltr'>primasque</span> <span class='ocrx_word' id='word_1_146' title='bbox 1007 3079 1124 3142; x_wconf 84' lang='lat' dir='ltr'>recedit</span> 
     </span>
     <span class='ocr_line' id='line_1_24' title="bbox 258 3190 1000 3272; baseline -0.005 -18"><span class='ocrx_word' id='word_1_147' title='bbox 258 3191 387 3267; x_wconf 84' lang='lat' dir='ltr'>Pinnas,</span> <span class='ocrx_word' id='word_1_148' title='bbox 403 3197 435 3253; x_wconf 88' lang='lat' dir='ltr'>et</span> <span class='ocrx_word' id='word_1_149' title='bbox 447 3191 578 3267; x_wconf 83' lang='lat' dir='ltr'>magnus</span> <span class='ocrx_word' id='word_1_150' title='bbox 589 3194 704 3272; x_wconf 81' lang='lat' dir='ltr'>pariter</span> <span class='ocrx_word' id='word_1_151' title='bbox 714 3191 866 3253; x_wconf 83' lang='lat' dir='ltr'>delabitur</span> <span class='ocrx_word' id='word_1_152' title='bbox 880 3190 1000 3252; x_wconf 77' lang='lat' dir='ltr'>Amnis.</span> 
     </span>
     <span class='ocr_line' id='line_1_25' title="bbox 258 3297 998 3381; baseline -0.004 -21"><span class='ocrx_word' id='word_1_153' title='bbox 258 3298 317 3360; x_wconf 85' lang='lat' dir='ltr'>Hic</span> <span class='ocrx_word' id='word_1_154' title='bbox 325 3301 432 3378; x_wconf 78' lang='lat' dir='ltr'>Equus</span> <span class='ocrx_word' id='word_1_155' title='bbox 443 3320 462 3362; x_wconf 83' lang='lat' dir='ltr'>a</span> <span class='ocrx_word' id='word_1_156' title='bbox 476 3303 619 3381; x_wconf 84' lang='lat' dir='ltr'>capiteet</span> <span class='ocrx_word' id='word_1_157' title='bbox 631 3300 723 3374; x_wconf 85' lang='lat' dir='ltr'>longa</span> <span class='ocrx_word' id='word_1_158' title='bbox 735 3299 856 3360; x_wconf 82' lang='lat' dir='ltr'>cervice</span> <span class='ocrx_word' id='word_1_159' title='bbox 865 3297 998 3359; x_wconf 85' lang='lat' dir='ltr'>latescit.</span> 
     </span>
     <span class='ocr_line' id='line_1_26' title="bbox 260 3404 1001 3489; baseline -0.001 -22"><span class='ocrx_word' id='word_1_160' title='bbox 260 3404 391 3483; x_wconf 81' lang='lat' dir='ltr'>Longius</span> <span class='ocrx_word' id='word_1_161' title='bbox 403 3411 538 3476; x_wconf 76' lang='lat' dir='ltr'>exoritur</span> <span class='ocrx_word' id='word_1_162' title='bbox 548 3409 617 3489; x_wconf 83' lang='lat' dir='ltr'>jam·</span> <span class='ocrx_word' id='word_1_163' title='bbox 630 3409 713 3472; x_wconf 86' lang='lat' dir='ltr'>claro</span> <span class='ocrx_word' id='word_1_164' title='bbox 722 3426 848 3488; x_wconf 86' lang='lat' dir='ltr'>corpore</span> <span class='ocrx_word' id='word_1_165' title='bbox 862 3422 1001 3485; x_wconf 81' lang='lat' dir='ltr'>serpens,</span> 
     </span>
     <span class='ocr_line' id='line_1_27' title="bbox 259 3513 953 3596; baseline -0.004 -18"><span class='ocrx_word' id='word_1_166' title='bbox 259 3513 442 3596; x_wconf 84' lang='lat' dir='ltr'>Cratereque</span> <span class='ocrx_word' id='word_1_167' title='bbox 453 3524 542 3584; x_wconf 84' lang='lat' dir='ltr'>tenus</span> <span class='ocrx_word' id='word_1_168' title='bbox 551 3520 634 3582; x_wconf 88' lang='lat' dir='ltr'>lucet</span> <span class='ocrx_word' id='word_1_169' title='bbox 644 3519 823 3582; x_wconf 84' lang='lat' dir='ltr'>mortalibus</span> <span class='ocrx_word' id='word_1_170' title='bbox 833 3513 953 3594; x_wconf 80' lang='lat' dir='ltr'>Hydra.</span> 
     </span>
     <span class='ocr_line' id='line_1_28' title="bbox 259 3625 974 3709; baseline -0.003 -22"><span class='ocrx_word' id='word_1_171' title='bbox 259 3625 334 3688; x_wconf 86' lang='lat' dir='ltr'>inde</span> <span class='ocrx_word' id='word_1_172' title='bbox 347 3628 437 3708; x_wconf 87' lang='lat' dir='ltr'>pedes</span> <span class='ocrx_word' id='word_1_173' title='bbox 454 3627 544 3693; x_wconf 82' lang='lat' dir='ltr'>Canis</span> <span class='ocrx_word' id='word_1_174' title='bbox 556 3630 688 3693; x_wconf 87' lang='lat' dir='ltr'>ostendit</span> <span class='ocrx_word' id='word_1_175' title='bbox 698 3630 766 3709; x_wconf 86' lang='lat' dir='ltr'>jam</span> <span class='ocrx_word' id='word_1_176' title='bbox 777 3626 974 3707; x_wconf 84' lang='lat' dir='ltr'>posteriores,</span> 
     </span>
    </p>

    <p class='ocr_par' dir='ltr' id='par_1_7' title="bbox 260 3733 1034 3929">
     <span class='ocr_line' id='line_1_29' title="bbox 260 3733 1034 3818; baseline -0.006 -21"><span class='ocrx_word' id='word_1_177' title='bbox 260 3735 300 3798; x_wconf 84' lang='lat' dir='ltr'>itt</span> <span class='ocrx_word' id='word_1_178' title='bbox 312 3743 380 3817; x_wconf 89' lang='lat' dir='ltr'>post</span> <span class='ocrx_word' id='word_1_179' title='bbox 393 3740 458 3818; x_wconf 85' lang='lat' dir='ltr'>ipse</span> <span class='ocrx_word' id='word_1_180' title='bbox 470 3741 565 3802; x_wconf 72' lang='lat' dir='ltr'>uniit</span> <span class='ocrx_word' id='word_1_181' title='bbox 580 3740 661 3806; x_wconf 82' lang='lat' dir='ltr'>claro</span> <span class='ocrx_word' id='word_1_182' title='bbox 675 3757 747 3801; x_wconf 87' lang='lat' dir='ltr'>eum</span> <span class='ocrx_word' id='word_1_183' title='bbox 761 3735 877 3799; x_wconf 81' lang='lat' dir='ltr'>luntre</span> <span class='ocrx_word' id='word_1_184' title='bbox 891 3733 1034 3814; x_wconf 81' lang='lat' dir='ltr'>Puppim.</span> 
     </span>
     <span class='ocr_line' id='line_1_30' title="bbox 261 3842 953 3929; baseline -0.001 -24"><span class='ocrx_word' id='word_1_185' title='bbox 261 3843 436 3924; x_wconf 87' lang='lat' dir='ltr'>Insequitur</span> <span class='ocrx_word' id='word_1_186' title='bbox 454 3848 558 3912; x_wconf 87' lang='lat' dir='ltr'>labens</span> <span class='ocrx_word' id='word_1_187' title='bbox 570 3867 625 3929; x_wconf 91' lang='lat' dir='ltr'>per</span> <span class='ocrx_word' id='word_1_188' title='bbox 638 3848 709 3910; x_wconf 81' lang='lat' dir='ltr'>coeli</span> <span class='ocrx_word' id='word_1_189' title='bbox 719 3845 838 3908; x_wconf 88' lang='lat' dir='ltr'>lumina</span> <span class='ocrx_word' id='word_1_190' title='bbox 850 3842 953 3918; x_wconf 77' lang='lat' dir='ltr'>Neris,</span> 
     </span>
    </p>
   </div>
   <div class='ocr_carea' id='block_1_4' title="bbox 219 4076 651 4153">
    <p class='ocr_par' dir='ltr' id='par_1_8' title="bbox 219 4076 651 4153">
     <span class='ocr_line' id='line_1_31' title="bbox 219 4076 651 4153; baseline -0.014 -9"><span class='ocrx_word' id='word_1_191' title='bbox 219 4076 254 4144; x_wconf 79' lang='lat' dir='ltr'>o)</span> <span class='ocrx_word' id='word_1_192' title='bbox 273 4077 377 4150; x_wconf 69' lang='lat' dir='ltr'>Noun,</span> <span class='ocrx_word' id='word_1_193' title='bbox 390 4083 453 4142; x_wconf 78' lang='lat' dir='ltr'>eas.</span> <span class='ocrx_word' id='word_1_194' title='bbox 466 4083 573 4153; x_wconf 78' lang='lat' dir='ltr'>natus,</span> <span class='ocrx_word' id='word_1_195' title='bbox 587 4085 651 4138; x_wconf 80' lang='lat' dir='ltr'>scs.</span> 
     </span>
    </p>
   </div>
   <div class='ocr_carea' id='block_1_5' title="bbox 0 0 1504 4776">
    <p class='ocr_par' dir='ltr' id='par_1_9' title="bbox 0 0 1504 4776">
     <span class='ocr_line' id='line_1_32' title="bbox 0 0 1504 4776; baseline 0 0"><span class='ocrx_word' id='word_1_196' title='bbox 0 0 1504 4776; x_wconf 95' lang='lat' dir='ltr'> </span> 
     </span>
    </p>
   </div>
  </div>
 </body>
</html>
