2994 4774
708 265 868 324 44„

355 399 505 462 Blanditie
514 402 641 470 certare,
658 398 772 460 bonum
785 400 926 462 simulare
939 402 1038 464 virum
1052 419 1095 474 se,

354 504 599 578 insidiosiorem,
617 509 652 566 ut
667 506 691 566 si
704 505 804 568 hostes
822 508 880 568 sint
895 508 1034 570 omuibus
1046 526 1160 574 omnes.

322 719 437 802 Quum
450 720 498 790 ita
511 717 693 817 cujuslibet
711 721 822 792 aetatis
841 721 1023 808 homines,
1045 734 1080 795 et
1095 721 1284 795 hodiernos

274 844 439 929 fortasse,
462 867 544 916 vera
571 845 720 917 Lucilius
749 847 922 945 imagine,
951 860 985 920 et
1002 874 1122 946 pressa
1146 849 1286 947 quidem

275 967 428 1038 oratione
444 967 525 1039 felix
541 967 698 1053 infamat,
716 971 766 1040 sio
782 968 1017 1069 indignatione
1027 996 1098 1044 non
1107 972 1240 1045 minore
1253 981 1288 1064 et

275 1093 455 1165 vicomica
473 1092 603 1189 gulosis
621 1104 739 1165 notam
759 1095 891 1182 inurit:

357 1289 455 1352 Virite
468 1279 625 1366 lurcones,
641 1293 829 1367 comedoneS,
852 1295 941 1354 vivite
954 1306 1076 1355 ventres.

276 1481 375 1566 Quod
390 1481 548 1566 verbum,
568 1505 678 1576 usque
695 1505 832 1569 recenS,
855 1483 941 1557 adeo
962 1487 1161 1584 nuperrime
1177 1485 1287 1560 flore-
1381 1523 1384 1534 v

276 1608 349 1692 bat,
370 1618 408 1678 ut
425 1605 586 1678 hesterno
604 1607 663 1677 rix
680 1605 844 1680 exciderit
860 1589 939 1682 usu.

302 1713 304 1716 ⁵
324 1730 439 1802 Fuerit
454 1730 559 1826 igitur
577 1728 727 1802 Lucilius
744 1731 889 1818 facetus,
912 1745 1081 1808 emunctae
1098 1736 1214 1821 naris,

360 1950 444 2013 illius
457 1933 580 2015 fortasse
594 1959 765 2040 antrorum
780 1953 856 2016 dura
870 1956 989 2030 negarit

313 2155 316 2164 ⁴
359 2061 528 2126 Versiculos
540 2070 650 2129 natura
665 2069 762 2142 magis
779 2066 873 2128 iactos
886 2071 916 2128 et
931 2071 1039 2130 euntes

359 2171 493 2234 Mollius.

280 2380 379 2453 Unde
395 2382 435 2452 fit
453 2394 506 2467 ut,
523 2385 553 2454 si
570 2383 710 2479 poeticae
726 2383 853 2482 linguae
870 2384 1024 2456 Ciceroni
1041 2407 1177 2480 quoque
1189 2383 1293 2456 fuerit

178 2578 180 2583 ,
280 2503 586 2600 auctor,exempla
596 2502 763 2601 discipulo
779 2517 870 2577 certe
880 2505 1089 2602 perficienda
1101 2506 1289 2608 reliquerit.

328 2629 524 2701 Lucretium
538 2654 629 2703 nunc
646 2631 928 2716 transmittimus,
947 2632 1008 2727 qui
1031 2655 1139 2727 quum
1153 2633 1293 2704 Cicero-

279 2752 333 2824 nis
352 2753 521 2825 exstiterit
536 2753 698 2849 aequalis,
713 2753 834 2828 eodem
848 2767 1002 2852 tempore
1023 2755 1190 2841 scribens,
1208 2756 1292 2826 artis

279 2901 351 2950 suar
366 2877 547 2975 disciplina
563 2879 713 2950 Tullium
736 2881 884 2952 fortasse
910 2903 981 2952 non
1007 2878 1146 2952 erudiit.
1172 2883 1211 2952 ln
1226 2879 1293 2952 hec

280 3013 397 3073 temen
414 3003 602 3098 quaestione
620 3002 709 3073 inira
724 3002 953 3074 versabimur.
1065 3058 1069 3064 .

328 3126 390 3198 His
406 3148 487 3223 ergo
503 3127 739 3222 praemonitis²
758 3128 957 3200 Ciceronem
978 3127 1119 3225 aggredi
1126 3135 1239 3225 juvat,
1253 3135 1293 3198 ut

280 3252 469 3324 aestimetur
495 3261 626 3347 quanta
650 3251 781 3347 peritus
805 3262 879 3323 arte
903 3251 1088 3324 verborum
1114 3250 1298 3346 antiquam

279 3376 474 3475 rubiginem
493 3375 695 3460 deterserit,
716 3385 750 3447 et
773 3386 948 3472 quaeretur
966 3386 1083 3448 utrum
1102 3375 1205 3471 prisci
1222 3376 1293 3446 vim

280 3502 409 3599 ingenii
419 3513 454 3573 et
468 3525 590 3574 versus
603 3500 734 3572 heroici
748 3499 879 3572 cultum
895 3499 1099 3596 aequaverit,
1113 3501 1291 3572 autetiam

281 3623 488 3719 perficiendo
504 3624 673 3720 poetieam
691 3624 913 3720 promoverit·
