2966 4776
741 347 902 406 ..92-

322 613 475 706 AEscltpti,
492 596 664 705 Sopdoctis,
681 615 842 707 Euripidis
854 618 1045 707 aliorumque
1060 617 1216 686 minorum
1233 617 1292 686 toci

631 764 652 810 o
672 741 812 812 Cicerone
834 741 980 811 conversi.

349 989 389 1059 ln
421 987 571 1062 secundo
598 991 846 1062 Tusculanorum
879 990 948 1064 duo
975 991 1168 1087 fragmenta
1198 989 1317 1086 magni

298 1110 472 1206 inprimis
495 1114 684 1198 momenti,
709 1114 746 1184 in
760 1112 826 1184 hac
848 1113 972 1186 saltem
996 1113 1244 1197 controversia,
1263 1136 1316 1184 re-

299 1233 491 1328 periuntur.
516 1235 599 1318 Quae
622 1237 740 1308 statim
760 1246 795 1308 et
817 1237 1020 1309 eorumdem
1044 1248 1223 1309 auctorum
1248 1237 1318 1310 alia

298 1358 433 1431 minora
449 1358 590 1431 laudare
609 1361 765 1432 nonnihil
783 1360 938 1459 expedit,
958 1385 1067 1458 quum
1086 1362 1163 1457 ipsa
1179 1384 1318 1458 quoque

299 1482 399 1556 nobis
411 1483 480 1554 sint
496 1494 698 1580 argumento
714 1482 843 1554 futura.
866 1485 938 1555 Hoc
955 1484 1108 1579 primum
1128 1505 1147 1554 e
1164 1481 1317 1578 quodam

300 1607 452 1706 AEschyli
477 1609 655 1679 Prometheo
676 1631 880 1680 conversum
904 1607 996 1704 apud
1025 1608 1223 1680 Ciceronem
1253 1633 1317 1682 oc-

302 1733 409 1805 currit
425 1758 434 1804 :

382 1930 524 1992 Titanum
539 1931 668 2004 soboles,
686 1931 765 1992 socia
781 1933 873 1992 nostri
886 1932 1055 2006 sanguinis,

382 2037 532 2102 Generata
545 2041 634 2115 coelo,
652 2040 792 2120 adspicite
803 2041 965 2116 religatum
982 2041 1093 2121 asperis

382 2133 588 2227 vinctumque
600 2151 692 2223 saxis,
706 2169 814 2211 navem
828 2153 878 2222 ut,
894 2149 1048 2211 horrisono
1060 2148 1153 2222 lreto,

383 2255 507 2316 Noctem
527 2260 679 2337 paventes,
696 2258 793 2316 timidi
806 2258 969 2318 adnectunt
983 2260 1104 2320 navita.

383 2363 541 2426 Saturnius
556 2385 604 2426 me
619 2367 659 2426 sic
673 2365 770 2426 infixit
785 2364 911 2444 Jupiter,

382 2473 523 2552 levisque
535 2492 649 2533 numen
665 2473 804 2534 Mulcibri
819 2475 943 2534 adscivit
956 2491 1075 2534 manus.

383 2581 446 2644 Hos
460 2583 510 2643 ille
524 2601 634 2644 cuneos
647 2582 759 2644 fabrica
774 2583 888 2644 crudeli
901 2585 1034 2644 inserens

383 2688 523 2768 Perrupit
537 2694 635 2767 artus3
652 2709 713 2768 qua
727 2693 816 2752 miser
829 2691 950 2752 solertia

383 2801 653 2862 ‘transverberatus
671 2803 804 2862 castrum
820 2802 877 2861 hcc
892 2799 1053 2862 Furiarum
1067 2798 1175 2859 incolo.

382 2909 451 2972 Jam
465 2912 554 2972 tertio
570 2929 619 2972 me
637 2929 756 2989 quoque
773 2901 891 2971 lunesto
905 2910 969 2983 die,

384 3019 473 3080 Tristi
487 3021 644 3093 advolatu,
663 3021 787 3080 aduncis
800 3019 936 3080 lacerans
950 3018 1121 3091 unguibus,

383 3129 464 3189 Jovis
478 3128 596 3189 satelles
608 3133 696 3206 pastu
712 3129 835 3189 dilaniat
851 3126 927 3188 lero.

384 3239 479 3311 Tum,
491 3237 592 3317 jecore
606 3238 706 3317 opimo
721 3235 800 3298 farta
814 3240 845 3296 et
856 3238 963 3298 satiata
976 3231 1118 3305 adfatim,

384 3347 561 3423 clangorem
575 3347 674 3409 tundit
685 3350 820 3421 vastum,
837 3350 867 3407 et
881 3345 1009 3406 sublime
1023 3343 1145 3404 avolans

384 3459 512 3521 Pinnata
526 3458 622 3520 cauda
633 3461 771 3519 nostrum
784 3457 888 3519 adulat
902 3455 1093 3528 sanguinem.

385 3570 490 3645 Quum
500 3587 570 3631 vero
584 3567 707 3630 adesum
722 3568 829 3628 inllatu
840 3567 1019 3628 renovatum
1033 3567 1077 3624 est
1084 3563 1182 3643 jecur,

384 3675 464 3739 Tum
476 3695 580 3738 rursus
592 3681 683 3740 tetros
697 3677 783 3738 avida
795 3695 826 3738 se
839 3675 876 3737 ad
890 3677 992 3754 pastus
1006 3671 1110 3734 refert.

385 3785 433 3848 Sic
446 3787 527 3848 hunc
541 3787 696 3848 custodem
709 3787 808 3848 moesti
826 3785 978 3846 cruciatus
992 3783 1052 3855 alc,

384 3894 446 3970 Qui
460 3913 510 3956 me
523 3897 647 3976 perenni
661 3897 766 3958 rivum
779 3893 873 3956 loedat
887 3893 1009 3954 miseria
1025 3915 1032 3952 z

384 4003 538 4082 Namque,
557 4009 592 4066 ut
603 4005 723 4079 videtiS,
740 4003 844 4066 vinclis
858 4003 1034 4064 constrictus
1045 3997 1144 4070 lovis,

385 4113 495 4178 llrcere
505 4131 621 4193 nequeo
632 4115 729 4178 diram
740 4112 895 4177 volucrem
908 4131 925 4174 a
939 4115 1068 4192 pectore.
