2954 4776
574 305 612 318 -
637 273 697 338 lca
724 311 756 318 —

0 446 34 509 pp
155 408 210 488 vel
244 409 383 506 optimis
415 408 469 484 sui
498 407 647 504 equales
678 408 942 506 componebant.
977 405 1199 488 Consularis

19 577 31 622 p
155 535 255 611 euim
275 543 399 631 poeta,
423 544 648 630 patronorum
670 533 772 632 louge
793 537 1116 632 prestantissimae,
1138 539 1174 616 in

15 702 25 745 .·
153 656 298 730 'consilio
321 656 458 754 publico
483 679 620 728 summa
636 655 769 752 pollens
792 657 1013 743 auctoritate,
1032 659 1173 736 clientes

7 827 23 870 p
153 780 379 864 innumeros,
412 778 670 874 amicorumque
704 777 844 853 turham
876 791 911 852 et
941 791 1173 856 assentatores

7 962 9 969 ,
152 904 300 982 sortasse
319 929 388 980 sua
406 904 502 1000 poesi
519 902 701 1004 conciliare
719 902 851 978 Tullius
870 904 1009 977 evaluit.
1028 907 1084 981 Me
1100 923 1175 984 sus-

152 1029 242 1125 picio
268 1053 405 1125 quoque
431 1027 546 1114 subit,
575 1026 689 1102 Attico
716 1027 771 1100 vel
799 1028 908 1102 invito
923 1051 1175 1125 nonnunquam

153 1153 322 1237 occidisse
342 1165 402 1239 ut,
428 1153 502 1248 ipse
528 1161 651 1248 poeta,
679 1175 760 1224 suos
784 1150 905 1228 laudes
929 1152 1171 1232 tenuaretur·

151 1279 360 1375 Exspectare
383 1277 560 1363 carmina,
580 1274 706 1372 quibus
729 1275 774 1351 ad
800 1275 928 1352 cotum
947 1275 1171 1362 sechchotun

153 1403 192 1474 P.
215 1401 359 1488 Lentulo
388 1421 471 1476 sane
501 1400 609 1475 licuit.
638 1400 792 1475 Pontium
812 1424 955 1476 suerum
977 1411 1173 1476 consortum

152 1531 293 1618 poetam
318 1519 658 1596 laudibus-extollere
682 1532 755 1598 tem
774 1521 906 1596 sincero
925 1545 1031 1619 quam
1049 1521 1174 1598 callido

152 1647 291 1718 Cassius
317 1645 432 1716 animo
457 1647 582 1742 potuit.
609 1644 705 1722 Alios
722 1658 761 1722 ut
783 1649 964 1733 eutitium,
985 1651 1121 1724 Graecns
1140 1663 1175 1722 ct

151 1771 348 1854 Romanos,
368 1753 518 1864 quorum
534 1769 730 1864 frequentia
745 1772 918 1846 Ciceronis
937 1771 1061 1846 domus
1081 1795 1173 1869 quo-

152 1892 238 1966 tidie
263 1893 513 1978 celebroltatur,
534 1893 713 1968 Lucretius
731 1893 897 1980 fortasse,
920 1896 1074 1972 Catullus
1099 1899 1173 1972 sine

152 2017 280 2105 dubio,
299 2029 339 2090 ut
364 2029 510 2114 patrono
529 2016 658 2114 gratias
683 2019 776 2116 egit,
797 2020 847 2092 sio
865 2020 1038 2098 officiosus
1064 2033 1174 2117 poete

150 2140 305 2218 blandiri
320 2164 390 2214 uon
407 2140 530 2219 abnuit
549 2139 614 2238 (l).

199 2269 313 2341 Cesar
325 2267 412 2362 ipse,
430 2265 474 2341 ad
493 2276 632 2362 poetam
649 2264 790 2366 quidem
806 2265 973 2353 scribens,
989 2267 1033 2346 de
1051 2293 1173 2344 coasu-

149 2390 223 2472 latu
239 2414 303 2464 suo
319 2413 459 2473 carmen
478 2389 529 2464 illi
547 2389 742 2488 gratulatus
761 2401 836 2466 erat
856 2390 905 2488 (2)
928 2416 939 2462 ι
962 2393 1104 2477 «Nam,
1124 2393 1174 2467 ait

134 2512 290 2600 Cicero,
320 2516 472 2614 primum
502 2514 632 2592 librum
659 2537 696 2588 se
726 2514 850 2612 legisse
879 2516 1017 2614 scripsit
1045 2516 1090 2594 ad
1116 2542 1174 2596 me

155 2648 256 2724 ante,
274 2649 315 2714 et*
325 2639 439 2735 prima
455 2640 504 2714 sic
516 2693 527 2722 ,
540 2649 581 2712 ut
593 2650 696 2736 neget
710 2663 747 2710 se
760 2663 804 2712 ue
816 2663 928 2736 graecax
944 2641 1086 2736 quidem
1101 2666 1173 2716 me-

152 2761 239 2838 liora
259 2763 398 2862 legisse.
421 2763 567 2858 Reliqua
586 2762 631 2838 ad
652 2760 839 2857 quemdam
859 2763 975 2839 locum
999 2773 1167 2852 paauperes.

153 2889 226 2962 Hoc
251 2889 343 2962 enim
360 2889 471 2964 utitur
494 2885 612 2962 verbo.
642 2886 706 2960 Dic
731 2885 818 2960 mihi
830 2909 959 2962 vrerum
976 2912 986 2961 z
1005 2911 1091 2960 num
1111 2901 1171 2960 aut

151 3039 214 3110 res
226 3033 308 3089 curn
324 3025 385 3090 aut
398 3026 532 3102 χαρακτὴρ
551 3037 622 3087 non
639 3009 814 3092 delectat?
832 3041 848 3081 a

202 3137 376 3214 Ciceronis
387 3138 493 3234 igitur
504 3136 652 3232 equales
666 3136 765 3214 illum
781 3137 933 3210 universi
944 3136 1022 3214 fere·
1033 3149 1171 3234 poetam

151 3259 321 3336 salutant.
341 3260 572 3336 Laudantium
591 3271 708 3336 temen
729 3261 834 3334 choro
850 3261 967 3335 minus
984 3262 1173 3338 concordes

151 3371 1172 3480 nonnullosanimadvertimus.FalsumomittimusSallus·
1301 3396 1303 3400 ’

153 3511 264 3596 tium,
292 3509 351 3606 qui
376 3511 424 3580 Dc
448 3513 630 3604 temporibus
652 3513 714 3580 suis
733 3532 872 3580 carmen
892 3507 995 3582 dente
1019 3510 1172 3612 maligno

152 3635 278 3732 carpit.
300 3633 346 3705 At
365 3632 508 3705 fratrem
530 3632 574 3706 de
595 3657 666 3704 non
685 3633 842 3705 curantia
862 3631 911 3730 (3)
929 3639 1005 3731 jam
1023 3635 1171 3719 Quintus

192 3849 228 3919 (l)
246 3847 378 3917 Catullus,
395 3850 439 3904 lt.
562 3920 565 3927 Ι

191 3945 229 4015 ta)
247 3945 286 4002 Art
300 3939 443 4014 Quintum,
458 3943 477 4002 l.
493 3947 527 4015 2,
544 3948 587 4001 46.

192 4043 228 4112 (a)
246 4041 524 4112 loQuintum‚1.a,
548 4046 575 4098 9.
595 4041 638 4098 sie
655 4043 732 4114 vulgo
751 4041 856 4115 legitur,
872 4045 942 4134 quod
960 4045 1093 4106 retentus
1110 4057 1168 4104 nr-

1046 4145 1065 4203 u
