2966 4776
682 325 843 384 ..54-

258 459 301 532 do
319 460 477 532 universo
494 455 631 530 dicendi
649 479 775 554 genere
792 456 860 529 dici
877 456 1032 552 possint,
1053 455 1097 528 de
1111 456 1274 530 Cicerone

260 585 317 656 vix
334 581 425 654 ullus
457 591 651 654 occurrerat
667 582 727 676 qui
746 603 816 654 nou
832 579 955 652 eadem
974 579 1097 653 merito
1116 580 1274 654 sentiret.

258 706 353 780 Illius
375 708 521 780 enimin
540 705 761 779 concionibus
779 717 839 778 aut
853 705 998 803 dialogis
1015 705 1145 802 ubique
1161 728 1276 778 somno

258 833 412 928 poeticus
430 831 601 916 luxuriat,
630 833 747 905 omnia
766 830 1000 906 schematibus
1017 841 1052 902 ot
1070 831 1192 928 liguris
1210 852 1282 903 va-

259 960 414 1044 riantur,
435 969 495 1032 aut
516 959 686 1056 expressis
704 958 914 1056 imaginibus
933 957 1069 1054 depicta
1086 958 1210 1030 nitent.
1231 958 1278 1030 lis

259 1084 375 1155 omnia
392 1085 545 1156 numeris
569 1082 853 1181 adstringuntur,
872 1093 911 1155 ut
924 1081 1011 1154 nihil
1028 1080 1176 1167 diffluat,
1191 1080 1281 1154 nihil

261 1207 435 1293 dissonet,
457 1208 544 1281 nihil
570 1210 707 1281 aurium
732 1208 862 1307 judicio
888 1217 1069 1306 repugnet.
1096 1207 1178 1292 Quae
1198 1229 1282 1278 varo

263 1333 427 1406 narrandi
456 1333 564 1406 latior
596 1355 746 1428 usquam
779 1330 938 1406 ubertas!
969 1356 1046 1428 qua
1064 1329 1283 1404 describendi

263 1458 420 1532 floridior
437 1459 621 1530 amoenitas
638 1456 790 1531 exst'tit!
809 1461 860 1529 De
885 1458 992 1554 signis
1019 1457 1124 1528 etiam
1141 1456 1281 1540 dicens,

264 1608 374 1681 quum
396 1585 434 1654 in
453 1585 595 1655 Verrem
623 1583 797 1654 invehitur
813 1593 949 1667 orator,
971 1592 1101 1678 quanta
1129 1581 1284 1653 colorum

265 1710 433 1780 suavitate
452 1707 567 1780 locum
584 1708 695 1803 poetis
710 1708 966 1805 gratissimum,
987 1709 1144 1792 Ennam,
1161 1706 1287 1802 expin-

266 1834 316 1930 git
329 1844 363 1904 et
377 1843 519 1904 exornat
536 1831 543 1903 !
565 1833 628 1904 llic
642 1855 726 1904 sanc
742 1857 813 1905 non
828 1834 974 1905 oratoris
990 1833 1078 1904 fines
1095 1831 1283 1929 egreditur,

267 1981 330 2029 nec
348 1968 485 2031 tantum
502 1967 666 2057 evagatur
692 1968 863 2055 quantum
877 1957 998 2030 Ovidio
1021 1957 1076 2030 vel
1097 1956 1286 2030 Claudiano

266 2081 403 2168 liceret3
426 2094 462 2155 at
476 2084 512 2155 in
526 2083 592 2156 hoc
606 2093 640 2156 et
652 2085 689 2154 in
702 2082 942 2182 hujuscemodi
961 2083 1045 2156 locis
1057 2093 1196 2179 poetam
1211 2082 1289 2178 spi-

268 2229 346 2278 rare
363 2231 465 2279 nemo
482 2230 552 2279 non
573 2218 695 2303 sponte
711 2206 890 2278 fateretur.

318 2337 460 2407 Constat
475 2335 580 2433 igitur
603 2336 803 2406 Ciceronem
823 2332 945 2404 solutis
962 2335 1000 2405 in
1021 2332 1156 2418 uerbis,
1177 2331 1291 2428 magis
1381 2419 1382 2424 ἵ

272 2481 378 2552 quarn
404 2459 440 2528 in
466 2455 638 2554 fingendis
663 2456 755 2528 ultro
780 2457 950 2553 poematis
979 2457 1133 2528 oratione
1156 2455 1292 2552 poetica

272 2580 459 2653 luxuriare.
472 2583 577 2680 Cujus
590 2583 639 2653 rai
655 2605 796 2654 causam
813 2580 1016 2653 eamdcmnc
1033 2592 1195 2677 putemus
1211 2581 1293 2651 alie·

271 2705 416 2778 rendam
430 2730 524 2792 csse,
546 2731 651 2804 quam
670 2706 714 2780 de
734 2718 807 2779 tam
824 2707 943 2779 multis
954 2706 1113 2780 hodierni
1126 2705 1292 2802 temporis

272 2831 518 2929 scriptoribus?
535 2836 623 2907 Sunt
647 2837 740 2907 enirn
767 2835 859 2932 apud
880 2835 995 2908 Gallos
1019 2833 1182 2931 plurimi,
1199 2856 1294 2928 quo-

272 2981 351 3028 rum
372 2959 511 3031 cuilibet
530 2973 715 3032 occurrunt
731 2961 893 3044 nomina,
914 2961 994 3054 qui,
1014 2982 1123 3055 quum
1143 2957 1293 3029 solutam

273 3081 464 3152 orationem
480 3084 622 3177 poeticis
639 3082 811 3155 coloribus
825 3106 896 3153 non
905 3081 1088 3153 infeliciter
1101 3081 1294 3154 exhilarent

275 3217 309 3278 et
327 3205 485 3290 afferant,
505 3205 562 3278 vix
580 3207 692 3302 ipsam
710 3208 863 3304 aggressi
880 3207 1064 3304 poeticam,
1075 3207 1174 3279 humi
1185 3206 1295 3279 dcco-

275 3327 365 3402 lores
385 3329 573 3428 obrepant;
594 3331 696 3427 quia,
716 3332 790 3403 sine
802 3331 927 3416 dubio,
948 3330 1068 3403 subest
1084 3333 1223 3429 utrique
1237 3355 1295 3428 ge-

273 3457 347 3527 neri
371 3455 557 3530 discrimen
578 3455 754 3554 quoddam
780 3457 890 3530 altum
919 3467 953 3529 ct
975 3457 1046 3530 fere
1065 3456 1295 3531 dissociabilis

275 3591 413 3667 natura,
441 3585 496 3656 cui
517 3585 634 3655 minus
653 3582 892 3670 attendentes,
913 3582 997 3656 dum
1017 3585 1053 3655 in
1073 3584 1181 3655 altero
1198 3608 1293 3677 prae-

276 3701 426 3791 cellunt,
446 3707 483 3777 in
511 3708 618 3780 altero
636 3708 693 3780 vix
719 3707 796 3779 aliis
824 3708 992 3782 irridendi
1017 3710 1070 3780 sui
1094 3706 1293 3779 facultatem

278 3829 439 3925 eripiunt.

327 3955 418 4025 Num
437 3953 543 4051 igitur
562 3953 737 4040 Ciceroni,
757 3952 849 4051 quod
866 3953 952 4039 illis,
971 3952 1065 4026 idem
1083 3949 1227 4032 accidit,
1246 3948 1294 4018 ita

279 4089 317 4148 ut
343 4102 509 4176 generum
543 4079 686 4154 dissidio
721 4091 858 4153 tantum
889 4078 982 4150 illius
1013 4080 1049 4152 in
1073 4071 1296 4150 concionibus

442 4628 585 4736 x
615 4386 907 4734 ’ἐμ
961 4474 1107 4728 “Tr
