2966 4776
689 291 852 352 ..56-

262 451 397 510 serens,
418 425 464 498 ad
477 426 625 498 aliorum
641 426 865 523 cogitationes
876 436 1028 523 etopera
1035 429 1272 526 transmigrat,

262 576 338 647 quo
354 550 458 624 modo
470 549 634 649 jacebant
660 561 696 622 et
716 549 969 638 obruebantur,
990 575 1049 624 eas
1069 553 1272 636 facultates,

262 685 301 746 ut
316 673 366 744 ita
382 673 516 760 dicam,
537 685 708 746 recreatas
728 675 873 760 excitam
894 687 929 746 et
950 676 987 746 in
1012 675 1190 748 imitandis
1215 687 1276 748 aut

261 798 521 885 convertendis,
541 824 616 896 qua
642 800 717 874 sola
733 811 869 897 potest,
889 825 945 874 res
968 801 1158 874 exornandi
1178 803 1277 897 copia

256 929 331 1019 jam
342 921 555 1019 splendidior
568 923 734 998 exuberat
751 949 760 995 :
781 925 901 995 afflatu
915 923 1068 1019 quodam
1085 935 1226 994 externo
1242 933 1278 992 et

261 1047 396 1119 animos
411 1049 583 1144 recipere,
603 1059 638 1120 et
658 1048 743 1146 erigi
766 1059 801 1120 et
816 1047 981 1121 floridum
999 1049 1104 1120 etiam
1127 1047 1277 1120 colorem

263 1169 389 1244 ducere
406 1174 511 1270 coepit
523 1175 645 1249 oratio.

309 1299 378 1370 Nos
397 1309 515 1374 tamen
537 1324 608 1373 non
630 1299 718 1372 fallit
737 1299 883 1373 alteram
901 1321 1040 1394 quoque
1055 1319 1197 1368 eausam
1214 1320 1279 1369 oo-

260 1442 415 1504 ourrere,
434 1445 529 1516 quac,
548 1421 661 1517 specie
678 1421 820 1517 quidem
837 1421 967 1516 prima,
989 1419 1180 1515 presertim
1198 1417 1280 1488 effi-

258 1541 347 1625 ciat,
378 1554 417 1616 ut
444 1545 585 1640 propria
609 1547 764 1617 carmina
792 1546 947 1643 fingens,
974 1544 1065 1616 infra
1094 1567 1131 1616 se
1161 1544 1278 1639 ipsum

258 1678 361 1762 poeta
388 1669 505 1740 Cicero
544 1671 712 1743 succidat.
745 1672 860 1756 Quum
895 1670 987 1742 enim
1015 1670 1135 1766 patriae
1173 1667 1279 1740 rebus

259 1793 448 1866 tractandis
465 1795 652 1882 incumbit,
669 1798 815 1870 materia
830 1821 938 1894 prope
961 1821 1069 1892 nova,
1095 1795 1279 1892 operisque

258 1918 462 1992 instituendi
482 1921 625 1994 oonsilio
647 1922 819 1996 scribendi
838 1923 937 1996 labor.
955 1922 1160 2019 adaugetur,
1181 1917 1279 1991 mul-

260 2043 436 2142 tiplicique
448 2071 531 2120 eura
542 2059 577 2120 et
590 2050 704 2122 studio
722 2049 929 2122 distrahitur
944 2059 1076 2123 auctor.
1095 2045 1229 2130 Quibus
1242 2067 1281 2114 se

262 2170 523 2246 difficultatibus
545 2175 683 2272 expedit
699 2177 883 2273 interpres,
903 2175 963 2270 qui
987 2175 1079 2246 eirca
1094 2171 1282 2244 verborum

261 2305 405 2368 ornatus
422 2308 560 2369 tantum
585 2296 751 2370 sollicitus
776 2298 993 2369 immoratur.
1015 2297 1112 2366 Hauc
1129 2318 1213 2366 vero
1229 2293 1283 2365 Ci-

262 2420 396 2491 ceronis
414 2422 670 2494 exeusationem
684 2421 794 2492 nostri
810 2420 977 2517 propositi
991 2419 1184 2491 subsidium
1199 2413 1284 2489 arri-

263 2539 392 2635 pimus.
417 2543 599 2639 interpreti
616 2553 719 2639 poeta
737 2543 854 2616 Cicero
870 2543 962 2615 cedit
988 2567 997 2614 :
1023 2542 1153 2638 peritus
1178 2542 1284 2638 igitur

264 2690 429 2741 versuum
446 2669 581 2756 antifer,
611 2693 681 2742 non
708 2679 810 2767 poeta
830 2667 1083 2766 nuncupandus
1110 2678 1176 2738 est.
1197 2667 1282 2751 Quis

265 2793 358 2864 enim
375 2792 529 2892 legitimo
552 2796 691 2868 nomine
707 2807 810 2893 poeta
832 2794 1029 2880 vocandus,
1049 2793 1161 2866 aliena
1178 2815 1283 2888 quam

267 2940 330 2988 sua
362 2920 563 2991 concinnius
591 2930 734 2992 exornat
747 2921 770 3004 ,‘
789 2930 823 2990 et
858 2929 1000 2990 externo
1026 2941 1132 3012 quam
1161 2915 1283 2987 intimo

268 3044 379 3140 magis
408 3044 545 3141 ingenio
573 3043 668 3116 velut
695 3047 831 3116 afflatus
848 3040 1029 3115 'exardetl
1056 3046 1147 3114 Dum
1172 3042 1285 3113 inter-

269 3191 348 3264 pres
361 3224 371 3253 ,
386 3192 495 3264 quum
515 3168 608 3242 illius
625 3169 748 3267 frigeat
769 3171 898 3242 circum
915 3167 1103 3266 precordia
1128 3168 1282 3266 sanguis,

269 3293 408 3390 propria
424 3291 608 3391 languidus
628 3292 793 3380 effundit,
821 3293 942 3366 alienis
971 3317 1052 3366 vero
1081 3294 1282 3378 sententiis,

270 3416 441 3490 coloribus
459 3429 494 3490 et
511 3419 801 3516 impeturaptus,
822 3418 1006 3508 sublimius
1031 3444 1138 3517 quam
1163 3429 1286 3516 sponte

270 3543 466 3628 consuevit,
492 3545 645 3618 effertur.

319 3665 425 3738 Nobis
442 3668 546 3766 igitur
558 3669 787 3766 approbatum
803 3671 907 3742 luerit
923 3681 957 3742 et
972 3693 1011 3742 re
1022 3670 1284 3752 confirmatum,

270 3791 306 3862 iu
324 3788 444 3864 alienis
462 3792 571 3866 multo
593 3795 866 3890 prestantiorem
888 3819 993 3891 quam
1010 3795 1047 3866 in
1066 3795 1137 3866 suis
1155 3793 1286 3865 versari

272 3915 484 4001 Ciceronem,
491 3921 567 4013 jam
580 3918 736 4014 sequitur
745 3918 959 3992 illumelooo
972 3918 1183 3990 movendum
1195 3941 1284 4000 esse,

271 4051 306 4115 et
322 4039 412 4114 infra
428 4049 566 4137 poetam
583 4042 620 4116 iu
638 4042 771 4116 medios
790 4054 825 4116 et
841 4043 973 4118 nobiles
993 4043 1098 4116 etiam
1123 4063 1287 4114 versuum
