2966 4776
706 287 873 344 -72·

358 420 398 480 Et
406 419 532 498 jamjam
549 423 611 480 toto
625 421 768 497 processit
784 435 909 500 corpore
923 417 1032 494 Virum

355 525 575 588 Harmodium
591 525 720 588 ostendit
733 526 849 590 radiato
862 528 963 607 stipite
974 527 1103 590 malum.

323 715 401 786 Haec
417 715 569 810 primum
599 713 760 787 universa
777 739 915 787 summa
942 715 1011 788 lide
1031 699 1198 788 conversa
1223 711 1298 786 mi-

273 861 407 912 ramur.
440 840 615 913 Nonnulla
645 865 726 914 nero
759 865 830 913 non
860 842 997 913 Arateis
1027 851 1165 914 tantum
1193 839 1298 938 longe

275 975 459 1060 praestant,
487 964 548 1037 sed
575 963 619 1038 ab
643 966 728 1062 ipsis
757 965 954 1063 Virgilianis
981 989 1052 1037 non
1078 964 1165 1038 adeo
1194 987 1299 1037 rece-

277 1087 378 1164 dunt.

323 1211 558 1287 Obversantur
575 1214 721 1288 enimin
737 1237 848 1312 graeco
872 1238 882 1286 :

642 1439 722 1520 Lyra
735 1443 803 1500 tum
817 1436 966 1518 Cyllenia,

357 1552 388 1609 ct
404 1548 572 1629 Delphinus
585 1550 725 1612 occidunt
738 1553 769 1610 et
781 1548 947 1611 fabrefacta
961 1549 1092 1627 Sagitta

356 1677 428 1722 curn
441 1661 551 1738 quibus
566 1658 663 1740 Cygni
677 1662 791 1742 priores
806 1663 907 1741 pinnae
918 1678 1014 1739 usquc
1034 1660 1183 1740 adipsum

357 1769 501 1844 caudam,
520 1773 550 1830 et
562 1770 661 1832 Fluvii
675 1773 878 1832 extremitates
891 1771 1094 1833 occultantur.

358 1874 475 1938 Occidit
489 1880 562 1940 item
575 1879 730 1958 Equinum
741 1885 847 1959 caput,
863 1880 970 1942 occidit
983 1881 1075 1941 ctiam
1089 1878 1213 1940 collum.

358 1985 463 2049 Oritur
475 2007 546 2050 vero
560 1988 666 2070 Hydra
683 1990 814 2070 amplius
828 2008 924 2070 usque
939 1990 976 2050 ad
991 1991 1092 2070 ipsum

357 2102 517 2160 craterem.

326 2290 447 2362 Nonne
455 2297 530 2388 jam
545 2301 686 2388 stupore
701 2291 855 2388 quodam
865 2300 1038 2376 tenemur,
1052 2312 1162 2385 quum
1182 2288 1206 2359 ii
1222 2311 1299 2360 ner-

280 2411 377 2484 sibus
403 2414 497 2511 apud
518 2416 718 2488 Ciceronem
743 2414 844 2488 nobis
860 2426 1068 2500 occurrunt,
1091 2414 1151 2511 qui
1169 2411 1305 2484 balbu-

279 2536 422 2607 tientem
448 2537 561 2612 adhuc
587 2549 621 2610 et
643 2539 767 2614 rudem
798 2537 953 2638 linguam
979 2541 1029 2612 sic
1053 2538 1238 2635 expediant
1264 2547 1301 2610 et

280 2660 455 2748 molliant,
475 2674 515 2735 ut
533 2665 728 2737 Graecorum
751 2675 804 2738 tot
822 2665 969 2764 ingeniis
992 2663 1161 2762 expolitus
1184 2687 1299 2736 sermo

280 2787 355 2859 sinc
372 2791 605 2862 controversia
621 2787 846 2863 devincatur?

225 2923 229 2930 ’
329 2913 456 2986 Arateo
480 2914 555 2989 loco
571 2917 702 3012 pariter
718 2913 999 3012 anteponendam
1020 2914 1194 2988 Ciceronis
1212 2935 1303 2984 nar-

279 3039 449 3111 rationem
458 3041 682 3126 arbitramur,
696 3065 767 3138 qua
776 3065 903 3115 noxam
912 3041 1050 3116 Orionis
1061 3063 1232 3138 casusque
1240 3038 1303 3112 do·

282 3183 402 3234 cemur
421 3161 469 3260 (l)
494 3186 504 3233 :

360 3393 551 3472 Quumvero
562 3397 608 3460 vis
619 3401 664 3458 cst
678 3397 841 3459 vehemens
855 3400 959 3458 exorta
973 3395 1070 3477 Nepai
1078 3439 1088 3470 ,

364 3503 440 3568 Late
453 3505 521 3567 lusa
533 3507 616 3569 volut
633 3505 682 3589 (in
697 3510 792 3569 terras
803 3507 915 3569 labitur
929 3506 1030 3579 unda,

362 3612 515 3694 Orionque
528 3621 613 3678 metu
623 3617 778 3697 perculsus
791 3617 929 3678 conditur
942 3633 1015 3676 una.

353 3720 456 3796 Pace,
472 3721 565 3804 hujus
577 3725 667 3787 bccat
680 3743 820 3788 caussam
833 3723 1010 3805 explicuisse
1024 3720 1156 3792 timoris,

361 3829 469 3905 Virgo,
487 3837 564 3896 tua:
581 3835 657 3896 nribi
671 3853 788 3914 quaeso,
805 3837 874 3897 reni
888 3833 1022 3914 placata,
1038 3830 1148 3893 Diana.

317 4063 353 4134 (t)
370 4039 478 4137 Nobbc,
495 4069 557 4124 666.
573 4067 688 4138 Aratus,
703 4071 767 4126 oet.
845 4109 847 4116 -
