2954 4776
574 389 608 398 -
636 355 757 444 123.-

174 567 176 571 ,
208 483 307 572 Quod
324 487 354 560 si
369 509 456 564 uero,
468 475 665 562 Lucretium
686 508 751 562 nec
772 487 1049 576 emendavitffnoc
1067 485 1177 561 edidit

157 609 293 696 Cicero,
310 620 440 683 etcum
456 609 571 707 potius
586 611 774 686 attendisse
786 611 936 698 videtur,
954 623 994 684 ut
1009 635 1047 684 se
1058 611 1175 708 ipsum

155 733 354 830 perficeret,
373 733 498 836 dignus
513 745 633 806 tamen
645 735 731 823 iuit,
751 737 811 832 qui
826 757 906 810 oum
924 735 983 808 itlo
1002 735 1175 808 consocia·

114 919 119 932 .
154 866 267 941 retur,
297 857 401 930 etad
426 857 635 932 recentiores
662 860 804 956 poeticae
824 858 946 932 'laudis'
969 859 1113 932 aemulus
1140 861 1176 932 et

154 1001 272 1052 comes
295 978 489 1067 deveniret,
516 1005 579 1054 nec
605 981 691 1055 adeo
717 981 848 1080 dispari
865 985 1057 1058 reverentia
1078 982 1175 1056 cole-

154 1111 266 1173 retur.

539 1271 792 1402 uouemere.

205 1497 274 1569 Suo
296 1485 408 1569 fidens
431 1498 569 1596 ingenio
590 1511 651 1572 aut
669 1481 780 1573 alieno
798 1499 931 1588 fretus,
948 1483 1091 1599 propria
1113 1511 1176 1573 aut

153 1643 322 1692 conversa
352 1611 468 1693 dicero
502 1623 656 1694 carmina
689 1625 836 1720 posteris
870 1623 1025 1698 tradidit.
1060 1619 1176 1710 Quum

151 1743 262 1840 igitur
277 1753 415 1839 poetam
437 1753 498 1815 aut
514 1764 679 1816 versuum
699 1733 866 1818 artificem
883 1731 1035 1820 vicissim
1056 1748 1177 1821 cousi-

154 1865 350 1939 derandum
377 1853 452 1938 seso
469 1855 641 1962 praebeat,
663 1851 761 1939 hano⁴
772 1868 809 1939 in
826 1869 895 1942 duo
913 1867 1070 1942 membra
1089 1893 1178 1942 con-

154 1989 360 2060 troversiam
388 1987 643 2086 discerpentes,
664 2015 733 2087 quo
758 2003 882 2065 eventu
908 2017 971 2065 sua
996 2004 1031 2065 et
1055 2004 1178 2067 mutua

154 2115 356 2198 tractaverit
373 2113 626 2211 dispiciendum
644 2139 720 2187 esse
738 2117 805 2187 rati
823 2141 958 2188 sumus.
1030 2097 1034 2104 ¹

206 2241 412 2338 Fragmenta
441 2250 587 2312 verost
614 2249 771 2312 veterum
800 2240 1017 2327 testimonia,
1050 2235 1178 2335 quibus

154 2387 222 2460 poe
224 2364 327 2436 ticam
349 2363 520 2474 Ciceronis
543 2362 686 2436 facultat
635 2374 762 2450 tatem,
785 2365 836 2436 int
837 2389 878 2436 us
898 2347 1175 2480 deprehensam,

155 2467 386 2564 aestimemus.
413 2485 457 2558 ad
474 2485 543 2559 duo
561 2497 721 2583 poemata
740 2489 788 2558 Do
803 2469 964 2558 consuiant
982 2498 1017 2559 et
1035 2487 1081 2556 Dc
1099 2501 1175 2556 tem-

154 2591 283 2702 poribus
311 2613 375 2680 suis
405 2621 549 2706 praesert
549 2611 597 2681 im
626 2620 661 2681 at
662 2610 787 2682 tinent
759 2609 883 2683 ltllis
908 2612 972 2710 igit
959 2621 1016 2683 tur
1040 2621 1177 2684 tantum

156 2717 368 2804 attendimus
381 2787 390 2817 ,
405 2743 445 2804 ut
458 2733 579 2828 quanti
594 2755 657 2828 per
674 2756 711 2804 se
723 2733 881 2805 iacienda
898 2734 943 2805 sit
959 2732 1060 2805 Tullii
1076 2756 1178 2804 musa

155 2853 402 2951 disceptemus.

205 2979 246 3047 in
262 2964 423 3046 consulatu
437 2977 591 3073 primum
606 2975 720 3073 operis
734 2959 916 3049 eonsilium
934 2977 1175 3074 dispicientes,

152 3099 359 3170 historicum
383 3097 525 3194 quidem
552 3092 655 3197 epos,
683 3123 704 3171 a
727 3099 1062 3186 Graecistreditum,
1082 3109 1116 3172 et
1134 3098 1179 3170 ab

153 3223 307 3318 antiquis
326 3223 413 3294 Latii
441 3211 552 3320 poetis
574 3223 689 3296 Naevio
713 3234 747 3295 et
771 3225 883 3295 Ennio
905 3231 981 3322 jam
1000 3235 1179 3319 acceptum

153 3347 389 3445 agnoscimus.
408 3348 497 3420 'Huic
514 3358 630 3418 autem
648 3348 789 3445 generi,
809 3359 950 3420 secutus
967 3349 1175 3430 Homerum,

151 3468 302 3540 heroicae
320 3491 457 3564 qunque
484 3469 597 3565 poesis
625 3469 798 3540 mirabilia
818 3478 852 3540 et
877 3468 994 3541 divine
1016 3455 1178 3564 quadam

151 3581 310 3663 intexere
335 3585 453 3662 Cicero
474 3589 595 3662 voluit.
622 3591 698 3673 Quo
724 3593 815 3662 exitu
834 3615 939 3687 supra
963 3591 1175 3664 monuimus.

152 3719 283 3790 Omnia
306 3718 501 3791 necessario
518 3729 662 3790 cessant
647 3728 714 3790 tet
732 3717 871 3817 frigent.
894 3720 969 3792 Act
945 3721 1048 3792 tronis
1068 3720 1180 3792 vicem

146 3842 340 3914 conciones
362 3840 543 3960 supplent;
564 3841 671 3914 edus
687 3827 890 3916 Cicerones
914 3843 1013 3917 docet
999 3855 1069 3930 t,ur
1091 3869 1180 3941 quas

151 3955 232 4062 ipse
250 3967 375 4065 gessi,
396 3990 548 4064 praesens
564 3977 601 4038 et
617 3966 818 4040 mortalis
789 3991 937 4041 crrcums
939 3959 1087 4041 tantium
1105 3969 1178 4040 im-

152 4089 356 4163 mortalium
371 4089 533 4162 laudibus
551 4089 745 4177 extollitur3
766 4091 939 4176 solus,1n
958 4093 1110 4166 carmine
1132 4092 1176 4166 de
