2994 4774
603 366 639 376 -
662 334 682 392 9
709 365 742 376 ..

166 466 349 540 declinatio
365 487 603 564 generumque
619 467 751 564 speeies
774 468 812 538 in
836 466 1056 552 nominibus,
1078 467 1185 541 sicin

164 591 279 666 verbis
304 591 418 664 forma
432 589 588 666 nondum
607 602 702 664 certa
728 589 796 664 sibi
821 591 1006 664 consentit.
1032 590 1186 664 Plurima

166 714 277 786 serius
296 712 504 810 deponentia
528 726 612 787 tunc
639 715 751 789 activa
775 713 902 802 fuisse,
927 714 1105 813 vulgarius
1132 727 1186 788 est

142 883 145 890 .
165 861 272 934 quam
288 850 329 910 ut
344 839 610 938 significandum
626 817 813 912 curemus:
835 868 852 908 ‹
867 840 998 938 Opino,
1016 839 1183 924 lamento,

164 973 302 1050 cuncto,
316 987 428 1063 vago»
445 976 480 1037 et
488 965 659 1064 ejusmodi
673 977 809 1050 catera,
821 990 930 1062 quum
943 963 1044 1038 111111
1053 966 1184 1063 passim

159 1095 319 1186 jaceant,
340 1088 428 1162 nihil
443 1096 518 1187 jam
536 1089 736 1164 offensionis
754 1088 898 1162 habent.
920 1118 937 1159 1
960 1089 1185 1187 Temporibus

162 1211 352 1284 insolenter
389 1211 630 1284 desinentibus
664 1215 776 1312 magis
816 1214 973 1286 animum
1006 1212 1185 1288 attendis:

170 1332 357 1418 ‹dudibo,
385 1331 570 1436 expedibo,
598 1343 663 1407 etc.
685 1363 702 1402 1
726 1334 815 1420 Sed,
838 1345 878 1407 ut
903 1346 1060 1408 monstra
1086 1361 1187 1434 quae-

165 1459 248 1530 dam
267 1514 276 1544 ,
298 1459 373 1532 haee
398 1460 466 1533 situ
492 1471 528 1532 et
553 1461 717 1558 spurcitie
750 1459 919 1533 deformia
951 1459 1184 1536 reformidas:

172 1584 401 1680 «Recipmeat
410 1633 425 1671 ,-
434 1596 651 1682 conponeret,
669 1584 828 1670 calvitur,
843 1583 1092 1672 aberruncare,
1110 1611 1187 1660 mu·

163 1708 340 1805 ginantur,
365 1709 593 1794 verminetur,
617 1708 782 1794 incilans,
806 1709 1070 1806 ooquinescerc‚
1096 1721 1186 1784 cette

163 1857 334 1906 munus.»

212 1956 293 2029 illas
307 1967 425 2030 11111111
436 1957 527 2028 inter
539 1955 657 2029 sordes
671 1981 741 2028 non
755 1981 866 2054 pauca
879 1956 1085 2055 reperienda
1104 1966 1187 2028 sunt

162 2080 291 2167 verba,
311 2106 407 2178 quae,
424 2081 582 2178 quamvis
598 2080 827 2167 exoleverint,
846 2083 1077 2180 significantia
1093 2083 1186 2154 vive·
1285 2159 1287 2166 ,

163 2229 232 2302 que
248 2205 507 2292 desideremus,
524 2205 621 2278 verbi
638 2207 775 2304 gratia:
798 2207 1012 2292 «Orbificor,
1031 2207 1183 2302 vilitent,

162 2329 322 2418 villicari,
336 2330 501 2429 grundire
513 2358 529 2399 1
540 2387 549 2416 ,
561 2342 595 2404 11
604 2331 690 2404 illud
703 2332 842 2405 Pacuvii
851 2331 997 2404 feliciter
1007 2331 1158 2404 effictum
1174 2356 1184 2404 t

225 2551 346 2614 Utinam
361 2573 442 2616 nuno
454 2557 632 2636 matreseam
645 2556 776 2630 ingenio,
789 2559 827 2616 ut
838 2573 942 2617 meum
954 2557 1071 2633 patrem
1082 2553 1185 2615 ulcisci

981 2660 1104 2738 [queam
1124 2657 1182 2743 (t)t

214 2831 260 2901 Et
279 2829 345 2902 boc
363 2831 492 2902 Enniit

286 3049 337 3112 Sol
351 3051 403 3130 qni
417 3051 594 3114 candentem
608 3054 640 3112 in
653 3052 729 3116 coelo
743 3053 887 3116 sublimas
900 3051 998 3116 1111111
1014 3051 1071 3135 (au

155 3323 169 3354 ,
212 3261 385 3330 Hactenus
402 3257 446 3331 de
462 3257 578 3331 verbis
595 3258 687 3356 apud
704 3270 838 3332 veteres
855 3269 975 3356 poetas
991 3259 1183 3355 usurpatis.

163 3384 335 3464 Ciceronis
352 3385 560 3476 sententiam
577 3387 684 3470 satis,
704 3386 797 3483 quod
817 3383 1041 3469 arbitramur,
1063 3407 1186 3481 appro-

162 3508 335 3583 bavimus.
362 3511 462 3582 Nunc
485 3520 642 3606 superest
668 3521 707 3582 ut
729 3512 801 3582 vim
827 3513 1025 3582 Graeeorum
1049 3508 1093 3612 ab
1117 3507 1185 3604 illis

164 3655 363 3736 expressam
379 3632 486 3704 fuisse
510 3632 745 3706 confirmetur.
771 3635 824 3705 Ex
840 3645 942 3704 antee
959 3632 1059 3707 dietis
1083 3631 1186 3704 colli-

162 3753 315 3852 gendum
340 3779 416 3828 esse
443 3755 593 3842 videtur,
621 3780 743 3829 eorum
764 3756 957 3830 orationem
975 3735 1077 3830 'senio
1098 3779 1185 3854 per-

199 3989 237 4062 (1)
252 3989 344 4061 Bothe,
357 3989 523 4062 Dolorestcs,
540 4007 568 4064 p.
583 3995 644 4050 ⁴22.

201 4086 238 4156 (1)
253 4086 366 4160 ibidem,
381 4087 487 4162 Medea,
500 4105 528 4161 p.
544 4093 588 4146 tt.
