2966 4776
603 377 638 388 ..
663 344 702 402 57
726 377 763 386 ..

171 477 319 550 artifices
336 499 413 548 esse
434 471 685 550 collocandum.
717 479 828 562 Quem
852 477 999 575 gradum
1025 501 1069 548 ne
1086 477 1186 550 llocci

122 610 125 615 ’
170 598 299 684 facias,
318 608 492 671 memento
518 599 657 695 qualem
673 601 806 696 poesim
829 600 998 696 acceperit
1016 601 1132 672 Cicero
1151 610 1187 671 et

172 731 338 817 quantam
354 722 495 822 Virgilio
506 724 701 830 tradiderit.
721 727 821 796 Hunc
837 724 994 820 quamvis
1008 724 1188 796 immemo-

171 871 246 920 rem
261 849 352 920 inter
367 847 551 946 discipulos
566 849 713 936 habere,
738 849 928 923 multorum
942 848 1082 922 laudem
1098 871 1188 945 poc-

172 984 287 1047 tarum
299 972 400 1071 longe
418 983 571 1070 superat.

219 1099 390 1170 Ciceronis
415 1097 663 1171 imitationibus
685 1097 828 1195 poeticis
859 1097 1011 1194 primum
1038 1097 1189 1168 inhaere-

171 1201 262 1294 mus.
281 1222 375 1294 Nihil
398 1222 441 1295 de
457 1233 615 1319 poemate
632 1221 785 1319 quodam
801 1222 932 1292 incerto
957 1221 1124 1316 suspicari
1140 1219 1190 1290 li-

171 1359 246 1432 cet,
269 1348 362 1444 quod
389 1348 436 1423 ,ad
464 1347 558 1419 aliud
577 1346 635 1419 alii
650 1348 865 1444 propositum
894 1346 1060 1418 referunt.
1091 1343 1181 1417 Illud

171 1497 311 1545 carmen
329 1473 465 1545 silentio
483 1473 714 1570 pretermittit
731 1471 866 1557 Nobbe,
892 1461 996 1568 quem
1014 1471 1190 1543 recentio-

172 1623 227 1671 res
243 1608 448 1695 sequuntur.
477 1599 591 1672 Minus
615 1597 845 1671 dubitandum
863 1608 935 1682 est,
958 1597 1043 1692 quin
1066 1605 1190 1668 aucto-

172 1747 246 1794 rem
269 1746 418 1821 gracum
442 1725 489 1795 in'
505 1723 621 1794 Pontio
642 1734 779 1795 secutus
804 1722 908 1795 luerit
937 1721 1066 1794 Cicero.
1100 1717 1190 1791 lllud

172 1872 282 1944 opus,
303 1849 460 1920 versibus
477 1849 687 1921 tetrametris
703 1847 902 1933 conditum,
921 1847 958 1917 in
978 1869 1019 1916 ea
1038 1845 1191 1940 scripse-

172 1980 227 2041 rat
248 1973 364 2056 atate,
401 1995 477 2068 qua
507 1995 631 2066 parum
658 1969 855 2041 inveniendi
886 1969 1049 2041 facultate
1077 1969 1185 2065 viget.

173 2099 262 2167 Puer
279 2096 392 2168 adhuc
407 2096 480 2168 haec
497 2106 532 2167 et
548 2095 616 2167 alia
631 2094 762 2178 multa·
775 2104 862 2166 teste
879 2080 1083 2179 Plutarcllo,
1104 2117 1192 2189 pro-

172 2219 289 2304 fudit,
316 2230 351 2291 et
385 2244 403 2292 e
436 2244 545 2318 graeco
575 2217 808 2320 verisimiliter
842 2217 1030 2314 exemplari
1064 2216 1193 2315 delegit

172 2343 361 2431 imitanda,
381 2346 508 2442 quippe
520 2345 580 2442 qni
590 2367 740 2442 graecum
749 2342 913 2415 Archiam
929 2341 1117 2438 discipulus
1134 2364 1193 2413 au-

174 2470 283 2558 diret,
304 2470 552 2570 etAEschylum
568 2468 824 2572 Pindarnmque
848 2467 1043 2566 argumenti
1066 2465 1190 2548 duces,

175 2593 211 2664 in
225 2597 337 2665 Pontio
357 2596 560 2692 prasertim,
580 2605 620 2665 ut
634 2595 744 2678 aiunt,
765 2593 863 2689 sequi
876 2603 1005 2689 posset.
1026 2590 1127 2676 Quod
1144 2600 1193 2661 ta-

176 2739 257 2787 men
276 2718 395 2789 Nobbe
411 2729 536 2814 negat,
553 2719 725 2789 Ciceronis
742 2740 859 2812 opera,
879 2716 935 2790 vol
963 2718 1027 2801 10,
1046 2741 1082 2812 p.
1104 2717 1190 2818 3⁹⁶³

156 2831 161 2841 ⁸
224 2843 373 2934 Alcyones
402 2841 595 2923 CiceroniS‚
615 2840 774 2934 quamvis
802 2842 902 2936 greci
919 2863 989 2910 non
1008 2838 1195 2911 laudentur

176 2975 347 3050 auetoreS,
366 2965 427 3062 qui
439 2963 620 3035 materiam
634 2962 685 3034 illi
699 2961 918 3049 tradiderint,
934 2986 1005 3034 non
1021 2961 1194 3033 immerito

175 3090 293 3162 forsan
314 3091 359 3164 ad
376 3090 469 3163 idem
485 3099 769 3188 argumentorum
785 3086 1063 3186 vulgatissimum
1085 3109 1195 3184 genus

177 3215 340 3301 referres„
366 3215 459 3312 quod
482 3212 678 3286 exercenda
696 3211 855 3308 discipuli
879 3211 1020 3308 poeticae
1040 3208 1194 3281 facultati

176 3341 390 3437 proponebat
405 3340 569 3424 Archias,
589 3338 681 3435 quod
701 3349 817 3410 autem
836 3361 856 3407 a
876 3339 949 3408 suis
968 3332 1194 3433 popularibus

176 3467 287 3561 poetis
312 3465 548 3546 mutuabatur,
567 3467 678 3562 Hujus
698 3462 868 3561 poematis
887 3460 956 3533 duo
982 3484 1053 3532 non
1069 3457 1194 3556 integri

179 3591 319 3685 quidem
335 3616 456 3664 versus
474 3600 656 3663 servantur
676 3614 685 3660 :

341 3789 428 3852 Hanc
442 3790 560 3864 genuit,
576 3788 662 3849 claris
675 3784 865 3866 delapsus-ab
883 3785 989 3858 astris,

259 3898 391 3960 Praevins
404 3917 519 3968 aurorae
534 3898 604 3959 solis
618 3898 772 3973 noctisque
787 3894 920 3956 satelles.

234 4083 410 4156 Tamucus
428 4085 538 4174 alapia,
558 4087 656 4180 cujus
673 4103 764 4152 unus
783 4088 941 4176 superest
957 4097 1077 4148 versus
1096 4096 1106 4144 τ
