2966 4776
586 344 748 404 -59-

244 472 280 533 In
296 474 393 538 medio
408 474 513 554 populi
525 473 635 538 sedalis
647 475 771 537 vocibus
785 473 891 548 effers,

245 581 400 663 Quidquid
414 604 499 650 come
512 585 654 664 loquens,
672 589 764 664 alque
777 587 879 648 omnis
891 585 990 647 dulcia
1003 585 1116 647 dicens.

213 793 295 876 Quae
316 816 397 865 vere
419 803 642 864 recensentur
666 791 779 867 adhuc
803 808 961 865 nostrum
980 791 1024 865 ad
1049 815 1181 889 propo-

165 917 272 989 situm
295 918 360 994 hoc
388 929 524 992 tantum
547 919 741 1014 pertinent,
767 918 861 1014 quod
886 919 1114 991 imitationem
1145 919 1182 988 in

166 1041 328 1120 Cicerone
357 1065 504 1140 grecam
536 1041 743 1140 significant.
769 1043 856 1116 Sunt
884 1053 1000 1116 nutem
1025 1041 1184 1114 breviora

167 1187 273 1260 quam
288 1176 328 1237 ut
342 1176 436 1238 certe
452 1166 545 1240 iniis
564 1166 760 1238 testimonia
778 1166 902 1262 poetici
920 1167 1088 1240 sermonis
1102 1166 1185 1236 emi-

168 1299 285 1362 neant.
305 1288 371 1362 Ubi
387 1313 469 1362 vero
486 1289 596 1362 fusius
615 1288 805 1386 explicatur
821 1291 994 1384 Ciceronis
1013 1291 1183 1375 imitatio,

168 1424 270 1509 poeta
295 1413 395 1490 nobis
418 1415 535 1486 statim
559 1414 775 1501 obversatur,
794 1425 855 1490 aut
874 1416 998 1490 saltem
1022 1439 1186 1488 versuum

168 1536 299 1612 felicior
312 1538 434 1614 artilex
449 1540 586 1613 emicet.
602 1539 801 1614 Mirandum
814 1539 1071 1636 perpendamus
1086 1541 1190 1610 Marii

170 1661 305 1748 locum,
332 1687 437 1760 quem
464 1665 604 1738 imitans
627 1666 701 1762 ipse
717 1663 868 1739 Voltaire
886 1665 1040 1738 Ciceroni
1057 1688 1095 1736 se
1117 1688 1190 1737 non

171 1788 255 1862 satis
272 1811 492 1862 accessurum
514 1813 592 1864 esse
609 1789 765 1864 confidit.
784 1792 860 1865 lam
877 1790 1019 1864 Homeri
1035 1788 1190 1886 vestigiis

171 1911 334 1986 insistens
356 1914 507 1998 Tullius,
532 1925 572 1986 ut
596 1916 734 2012 egregia
752 1915 1019 2011 pulchritudinis
1039 1913 1190 2011 imagine

171 2048 375 2133 conspecta,
400 2037 515 2112 studio
540 2037 693 2134 quodam
715 2037 964 2122 inflammetur,
990 2048 1089 2112 motu
1103 2061 1192 2110 novo

173 2161 319 2256 rapitur,
338 2173 389 2246 et,
406 2163 517 2246 netis,
535 2173 575 2236 ut
590 2163 640 2236 ita
652 2162 786 2247 dicem,
805 2162 889 2246 alis,
911 2185 998 2258 quas
1016 2161 1194 2258 ingeniose

173 2283 269 2360 Plato
294 2285 415 2384 fingit,
446 2285 629 2360 sublimius
657 2285 782 2360 evolat.
813 2287 937 2360 Totum
962 2284 1055 2358 hunc
1079 2281 1194 2356 locum

172 2408 315 2484 laudare
330 2411 450 2498 liceat,
470 2436 538 2508 quo
558 2412 670 2510 magis
693 2409 956 2508 comprobetur,
970 2420 1107 2506 ,quanto
1124 2407 1194 2480 dis·

173 2536 315 2610 crimine
332 2538 532 2612 Ciceronem
550 2540 622 2611 suis
641 2537 745 2612 modo
766 2538 898 2612 viribus
917 2539 1086 2611 nitentem
1106 2535 1192 2608 imi-

176 2667 266 2734 tator
283 2661 399 2736 Cicero
415 2662 588 2757 precellat
607 2687 617 2734 ι

255 2885 368 2950 Nuntia
382 2884 466 2950 fulva
479 2885 560 2948 lovis
574 2886 712 2948 miranda
727 2887 792 2948 visa
807 2885 918 2962 ligura.

256 3120 314 3182 Hic
326 3121 406 3182 loris
419 3121 535 3183 altisoni
549 3122 648 3183 subito
659 3123 783 3203 pinnata
796 3121 930 3196 satelles,

255 3231 377 3292 Arboris
390 3251 407 3293 e
422 3235 528 3294 trunco
543 3235 685 3312 serpentis
699 3234 799 3295 saucia
812 3252 932 3308 morsu,

161 3353 164 3361 '
255 3339 323 3420 Ipsa
339 3340 410 3402 ieris
424 3342 534 3417 subigit
548 3343 728 3418 transfigens
742 3343 894 3418 unguibus
908 3361 1041 3418 anguem

257 3448 486 3524 Semianimem,
505 3456 536 3513 et
550 3453 634 3514 varia
648 3455 778 3527 graviter
792 3454 907 3513 cervice
923 3454 1101 3522 micantem,

258 3553 359 3629 Quem
373 3576 404 3619 se
417 3561 642 3637 intorquentem
655 3560 772 3624 lanians
786 3563 943 3636 rostroque
957 3564 1130 3634 cruentans,

255 3663 323 3727 iam
336 3669 443 3728 satiata
456 3670 607 3741 animum,
620 3669 685 3748 iam
699 3670 790 3730 duros
804 3669 869 3730 ulta
883 3666 1019 3742 dolores,

257 3774 367 3854 Abjicit
382 3776 534 3838 efflantem
548 3782 578 3839 et
593 3777 760 3839 laceratum
773 3778 877 3852 aflligit
891 3779 923 3838 in
935 3778 1034 3853 uuda;

259 3883 357 3963 Seque
370 3886 455 3947 obitu
471 3907 489 3948 a
503 3888 571 3948 solis
584 3888 692 3950 nitidos
710 3889 855 3948 convertit
871 3887 1016 3948 adortus.

259 3989 346 4054 Hanc
360 3996 413 4056 ubi
425 3997 609 4078 praepetibus
621 3999 727 4078 pennis
741 3997 889 4078 lapsuque
899 3996 1052 4060 volantem

261 4096 419 4183 Conspexit
432 4105 560 4182 Marius,
582 4107 673 4169 divini
693 4109 825 4172 numinis
839 4125 948 4184 augur,
