2994 4774
739 317 902 376 ηο-

310 469 401 543 saepe
425 445 549 520 foedari
571 445 686 519 verbis
715 458 750 520 et
774 447 938 522 obsoletis
964 451 1143 548 squalere,
1169 464 1210 526 ut
1236 453 1330 552 apud

308 571 461 658 Attium,
481 595 525 645 ne
544 573 662 645 statim
677 574 782 647 Ennii
798 574 853 647 vel
869 574 1065 648 horridiora
1080 576 1273 652 referamus
1290 605 1300 652 :

913 775 1019 838 Eheni

408 985 411 994 .
430 887 545 968 Cujatis
557 891 682 970 stirpem
695 889 831 952 funditus
844 891 907 966 [ligi
921 893 1022 954 studet
1036 873 1096 974 (iti

357 1073 492 1146 Merum
509 1096 706 1149 sermonem
724 1075 882 1150 redolent
899 1077 1068 1150 nonnulla
1084 1102 1095 1150 τ

388 1279 507 1358 Perque
517 1299 604 1356 agros
614 1283 726 1362 passim
738 1282 880 1362 dispergit
890 1301 1014 1365 corpus,
1026 1283 1057 1345 id
1069 1302 1106 1346 ea
1118 1285 1216 1359 gratia

385 1385 424 1450 Ut
441 1385 537 1470 (2)....

389 1572 431 1634 Et
442 1573 586 1652 loquendi
599 1573 680 1636 bona
694 1591 791 1654 pausa
805 1574 892 1636 nobis
907 1575 996 1638 datur
1013 1572 1024 1658 t
1044 1572 1069 1658 t.

357 1761 497 1848 Plures,
512 1774 552 1835 ut
567 1764 699 1860 Horatii
711 1763 825 1836 verbis
840 1775 933 1850 utar,
953 1764 1079 1836 missos
1096 1785 1223 1860 magno
1243 1759 1333 1857 (ma-

303 1894 381 1985 jore
390 1887 567 1986 dixissem)
581 1913 661 1962 cum
670 1889 823 1988 pondere
833 1913 955 1962 versus
966 1887 1058 1987 apud
1069 1887 1147 1960 illos
1156 1887 1330 1984 reperias:

345 2087 521 2154 Inimicitias
541 2089 752 2172 Pelopidarum
770 2093 919 2154 exstincta
933 2095 998 2153 tam
1012 2089 1199 2152 oblitteratas
1216 2105 1331 2151 memo·

1040 2200 1099 2280 [ria
1113 2215 1257 2261 renovare
1270 2197 1326 2281 (t).

354 2385 523 2459 Lucidum
554 2388 592 2458 in
621 2386 736 2459 uerbis
765 2385 1015 2485 conjungendis
1047 2385 1206 2461 ordinem
1227 2411 1328 2472 raro,

307 2510 494 2608 aliquando
513 2522 651 2597 tamen,
670 2511 847 2607 requiras,
867 2521 907 2583 ut
924 2512 961 2582 in
971 2511 1042 2604 'hoc
1060 2513 1164 2585 Ennii
1177 2537 1301 2586 versu:

389 2715 472 2777 Filiis
490 2718 613 2796 propter
625 2719 656 2776 te
669 2714 787 2794 objecta
803 2731 871 2775 sum
885 2715 1026 2775 innocens
1039 2714 1129 2776 Nerei
1146 2712 1199 2797 (5).

308 2913 393 2996 Quae
414 2913 556 3009 quidem
569 2914 656 2988 adeo
672 2914 834 2988 videntur
852 2937 873 2985 a
890 2915 1087 2987 Graecorum
1104 2913 1259 3008 vestigiis
1273 2911 1333 2983 ah-

309 3059 445 3123 errare,
463 3048 504 3109 ut
520 3039 630 3134 ipsius
649 3039 822 3112 Ciceronis
839 3038 970 3138 judicio
988 3036 1096 3110 fidere
1108 3036 1167 3108 vix
1184 3035 1329 3108 audeas.

309 3160 377 3234 Sed
401 3164 594 3236 accuratius
616 3163 867 3237 attendendum
890 3174 956 3236 est.
979 3162 1031 3234 Illi
1052 3185 1248 3235 sermonem
1264 3185 1334 3259 pa-

308 3287 428 3373 trium,
442 3288 600 3384 quamvis
617 3299 803 3386 agrestem,
819 3286 1039 3384 impeditum,
1052 3283 1221 3370 hiantem,
1240 3309 1345 3358 suma

309 3413 376 3485 mis
402 3413 532 3512 ingenii
548 3413 679 3486 viribus
705 3413 885 3499 excolunt,
913 3414 1081 3486 extricant
1103 3421 1137 3486 et
1157 3411 1329 3486 mollitum

348 3685 384 3752 (t)
399 3687 492 3743 Bothe.
507 3687 641 3759 Achilles,
657 3703 684 3760 p.
702 3682 765 3744 itt.

348 3782 385 3853 (2)
399 3781 513 3848 ibidem,
525 3782 634 3854 Medea,
650 3783 744 3852 Ennii,
758 3785 804 3839 55.
920 3775 922 3781 ⁴

348 3876 513 3949 (athicem,
527 3880 663 3953 Epigoni,
678 3879 744 3936 Attii
755 3894 783 3951 p.
800 3881 862 3934 ⁴99.

346 3975 385 4045 (i)
398 3974 508 4046 Ibidem,
520 3975 768 4048 Apamemnonidc,
781 3990 810 4047 p.
825 3978 887 4030 463.

348 4073 385 4143 (5)
400 4071 515 4146 ibidem,
525 4071 708 4140 Andromede,
721 4070 814 4142 Ennii,
827 4085 856 4144 p.
873 4075 918 4128 3&
